%YAML 1.1
%TAG !u! tag:unity3d.com,2011:
--- !u!29 &1
SceneSettings:
  m_ObjectHideFlags: 0
  m_PVSData: 
  m_PVSObjectsArray: []
  m_PVSPortalsArray: []
  m_OcclusionBakeSettings:
    smallestOccluder: 5
    smallestHole: .25
    backfaceThreshold: 100
--- !u!104 &2
RenderSettings:
  m_Fog: 0
  m_FogColor: {r: .5, g: .5, b: .5, a: 1}
  m_FogMode: 3
  m_FogDensity: .00999999978
  m_LinearFogStart: 0
  m_LinearFogEnd: 300
  m_AmbientLight: {r: 1, g: 1, b: 1, a: 1}
  m_SkyboxMaterial: {fileID: 0}
  m_HaloStrength: .5
  m_FlareStrength: 1
  m_FlareFadeSpeed: 3
  m_HaloTexture: {fileID: 0}
  m_SpotCookie: {fileID: 0}
  m_ObjectHideFlags: 0
--- !u!127 &3
LevelGameManager:
  m_ObjectHideFlags: 0
--- !u!157 &4
LightmapSettings:
  m_ObjectHideFlags: 0
  m_LightProbes: {fileID: 0}
  m_Lightmaps: []
  m_LightmapsMode: 1
  m_BakedColorSpace: 0
  m_UseDualLightmapsInForward: 0
  m_LightmapEditorSettings:
    m_Resolution: 50
    m_LastUsedResolution: 0
    m_TextureWidth: 1024
    m_TextureHeight: 1024
    m_BounceBoost: 1
    m_BounceIntensity: 1
    m_SkyLightColor: {r: .860000014, g: .930000007, b: 1, a: 1}
    m_SkyLightIntensity: 0
    m_Quality: 0
    m_Bounces: 1
    m_FinalGatherRays: 1000
    m_FinalGatherContrastThreshold: .0500000007
    m_FinalGatherGradientThreshold: 0
    m_FinalGatherInterpolationPoints: 15
    m_AOAmount: 0
    m_AOMaxDistance: .100000001
    m_AOContrast: 1
    m_LODSurfaceMappingDistance: 1
    m_Padding: 0
    m_TextureCompression: 0
    m_LockAtlas: 0
--- !u!196 &5
NavMeshSettings:
  m_ObjectHideFlags: 0
  m_BuildSettings:
    agentRadius: .5
    agentHeight: 2
    agentSlope: 45
    agentClimb: .400000006
    ledgeDropHeight: 0
    maxJumpAcrossDistance: 0
    accuratePlacement: 0
    minRegionArea: 2
    widthInaccuracy: 16.666666
    heightInaccuracy: 10
    tileSizeHint: 0
  m_NavMesh: {fileID: 0}
--- !u!1 &45454521
GameObject:
  m_ObjectHideFlags: 0
  m_PrefabParentObject: {fileID: 0}
  m_PrefabInternal: {fileID: 0}
  serializedVersion: 4
  m_Component:
  - 4: {fileID: 45454522}
  - 114: {fileID: 45454523}
  m_Layer: 0
  m_Name: Background
  m_TagString: Untagged
  m_Icon: {fileID: 0}
  m_NavMeshLayer: 0
  m_StaticEditorFlags: 0
  m_IsActive: 1
--- !u!4 &45454522
Transform:
  m_ObjectHideFlags: 0
  m_PrefabParentObject: {fileID: 0}
  m_PrefabInternal: {fileID: 0}
  m_GameObject: {fileID: 45454521}
  m_LocalRotation: {x: 0, y: 0, z: 1, w: -1.62920685e-07}
  m_LocalPosition: {x: 0, y: .5, z: 0}
  m_LocalScale: {x: 33, y: 18, z: 1}
  m_Children: []
  m_Father: {fileID: 823378616}
  m_RootOrder: 0
--- !u!114 &45454523
MonoBehaviour:
  m_ObjectHideFlags: 0
  m_PrefabParentObject: {fileID: 0}
  m_PrefabInternal: {fileID: 0}
  m_GameObject: {fileID: 45454521}
  m_Enabled: 1
  m_EditorHideFlags: 0
  m_Script: {fileID: 11500000, guid: 1b3dc54f924693f41b5cbecb267e647a, type: 3}
  m_Name: 
  m_EditorClassIdentifier: 
  mMat: {fileID: 2100000, guid: f7499937830c6468889edc6caaae28c1, type: 2}
  mTex: {fileID: 2800000, guid: c5970a1aba80248bab0c0dc1950502c1, type: 3}
  mColor: {r: 1, g: 1, b: 1, a: 1}
  mPivot: 4
  mDepth: 17
  mAtlas: {fileID: 11400000, guid: ec9f4ec80c9234a13a6089a79d34f513, type: 2}
  mSpriteName: camera_slider_arrow
--- !u!1 &134246428
GameObject:
  m_ObjectHideFlags: 0
  m_PrefabParentObject: {fileID: 0}
  m_PrefabInternal: {fileID: 0}
  serializedVersion: 4
  m_Component:
  - 4: {fileID: 134246429}
  - 114: {fileID: 134246430}
  - 114: {fileID: 134246431}
  m_Layer: 0
  m_Name: FlashPanel
  m_TagString: Untagged
  m_Icon: {fileID: 0}
  m_NavMeshLayer: 0
  m_StaticEditorFlags: 0
  m_IsActive: 1
--- !u!4 &134246429
Transform:
  m_ObjectHideFlags: 0
  m_PrefabParentObject: {fileID: 0}
  m_PrefabInternal: {fileID: 0}
  m_GameObject: {fileID: 134246428}
  m_LocalRotation: {x: 0, y: 0, z: 0, w: 1}
  m_LocalPosition: {x: 0, y: 0, z: 0}
  m_LocalScale: {x: 1, y: 1, z: 1}
  m_Children:
  - {fileID: 1986827022}
  m_Father: {fileID: 364472280}
  m_RootOrder: 1
--- !u!114 &134246430
MonoBehaviour:
  m_ObjectHideFlags: 0
  m_PrefabParentObject: {fileID: 0}
  m_PrefabInternal: {fileID: 0}
  m_GameObject: {fileID: 134246428}
  m_Enabled: 1
  m_EditorHideFlags: 0
  m_Script: {fileID: 11500000, guid: ae942c9068183dc40a9d01f648273726, type: 3}
  m_Name: 
  m_EditorClassIdentifier: 
  showInPanelTool: 1
  generateNormals: 0
  depthPass: 0
  widgetsAreStatic: 0
  mAlpha: 0
  mDebugInfo: 1
  mClipping: 0
  mClipRange: {x: 0, y: 0, z: 0, w: 0}
  mClipSoftness: {x: 40, y: 40}
--- !u!114 &134246431
MonoBehaviour:
  m_ObjectHideFlags: 0
  m_PrefabParentObject: {fileID: 0}
  m_PrefabInternal: {fileID: 0}
  m_GameObject: {fileID: 134246428}
  m_Enabled: 0
  m_EditorHideFlags: 0
  m_Script: {fileID: 11500000, guid: 9e2747e3775af504da1a4d5a46c5a1ce, type: 3}
  m_Name: 
  m_EditorClassIdentifier: 
  method: 2
  style: 0
  animationCurve:
    serializedVersion: 2
    m_Curve:
    - time: 0
      value: 0
      inSlope: .925103724
      outSlope: .925103724
      tangentMode: 10
    - time: .410105646
      value: .37939027
      inSlope: .795299053
      outSlope: .795299053
      tangentMode: 10
    - time: .763414145
      value: .614515066
      inSlope: .987956762
      outSlope: .987956762
      tangentMode: 10
    - time: .881905019
      value: .769787788
      inSlope: 1.62990046
      outSlope: 1.62990046
      tangentMode: 10
    - time: 1
      value: 1
      inSlope: 1.94938183
      outSlope: 1.94938183
      tangentMode: 10
    m_PreInfinity: 2
    m_PostInfinity: 2
  ignoreTimeScale: 1
  delay: .0500000007
  duration: .25
  steeperCurves: 0
  tweenGroup: 0
  eventReceiver: {fileID: 765607427}
  callWhenFinished: OnFlashed
  from: 0
  to: 1
--- !u!1 &233116651
GameObject:
  m_ObjectHideFlags: 0
  m_PrefabParentObject: {fileID: 0}
  m_PrefabInternal: {fileID: 0}
  serializedVersion: 4
  m_Component:
  - 4: {fileID: 233116652}
  - 114: {fileID: 233116653}
  - 114: {fileID: 233116656}
  - 114: {fileID: 233116657}
  - 65: {fileID: 233116654}
  m_Layer: 0
  m_Name: ShowPanelButton
  m_TagString: Untagged
  m_Icon: {fileID: 0}
  m_NavMeshLayer: 0
  m_StaticEditorFlags: 0
  m_IsActive: 1
--- !u!4 &233116652
Transform:
  m_ObjectHideFlags: 0
  m_PrefabParentObject: {fileID: 0}
  m_PrefabInternal: {fileID: 0}
  m_GameObject: {fileID: 233116651}
  m_LocalRotation: {x: 0, y: 0, z: 0, w: 1}
  m_LocalPosition: {x: -218.113342, y: 108.207993, z: -7.10703462e-05}
  m_LocalScale: {x: 1, y: 1, z: 1}
  m_Children:
  - {fileID: 1823357258}
  m_Father: {fileID: 1063239240}
  m_RootOrder: 1
--- !u!114 &233116653
MonoBehaviour:
  m_ObjectHideFlags: 0
  m_PrefabParentObject: {fileID: 0}
  m_PrefabInternal: {fileID: 0}
  m_GameObject: {fileID: 233116651}
  m_Enabled: 1
  m_EditorHideFlags: 0
  m_Script: {fileID: 11500000, guid: 7d44bc69c2ca5f943b845318866dc1bd, type: 3}
  m_Name: 
  m_EditorClassIdentifier: 
  audioClip: {fileID: 8300000, guid: 5de86eb2095304c1ab7f80051d5b066e, type: 3}
  trigger: 0
  volume: 1
  pitch: 1
--- !u!65 &233116654
BoxCollider:
  m_ObjectHideFlags: 0
  m_PrefabParentObject: {fileID: 0}
  m_PrefabInternal: {fileID: 0}
  m_GameObject: {fileID: 233116651}
  m_Material: {fileID: 0}
  m_IsTrigger: 1
  m_Enabled: 1
  serializedVersion: 2
  m_Size: {x: 88.0004807, y: 67.9980469, z: 0}
  m_Center: {x: -.000469207764, y: .00242614746, z: -10.2653046}
--- !u!114 &233116656
MonoBehaviour:
  m_ObjectHideFlags: 0
  m_PrefabParentObject: {fileID: 0}
  m_PrefabInternal: {fileID: 0}
  m_GameObject: {fileID: 233116651}
  m_Enabled: 1
  m_EditorHideFlags: 0
  m_Script: {fileID: 11500000, guid: e4c4ff40739c7904ca26c14ffbdc4176, type: 3}
  m_Name: 
  m_EditorClassIdentifier: 
  target: {fileID: 765607427}
  functionName: ShowPanelButtonClicked
  trigger: 0
  includeChildren: 0
--- !u!114 &233116657
MonoBehaviour:
  m_ObjectHideFlags: 0
  m_PrefabParentObject: {fileID: 0}
  m_PrefabInternal: {fileID: 0}
  m_GameObject: {fileID: 233116651}
  m_Enabled: 1
  m_EditorHideFlags: 0
  m_Script: {fileID: 11500000, guid: 5c041f61e4a9fbf4e830210f5d933ece, type: 3}
  m_Name: 
  m_EditorClassIdentifier: 
  tweenTarget: {fileID: 0}
  hover: {x: 1, y: 1, z: 1}
  pressed: {x: 1.10000002, y: 1.10000002, z: 1.10000002}
--- !u!1 &356940835
GameObject:
  m_ObjectHideFlags: 0
  m_PrefabParentObject: {fileID: 0}
  m_PrefabInternal: {fileID: 0}
  serializedVersion: 4
  m_Component:
  - 4: {fileID: 356940836}
  - 65: {fileID: 356940842}
  - 114: {fileID: 356940840}
  - 114: {fileID: 356940839}
  - 114: {fileID: 356940838}
  m_Layer: 0
  m_Name: Toggler
  m_TagString: Untagged
  m_Icon: {fileID: 0}
  m_NavMeshLayer: 0
  m_StaticEditorFlags: 0
  m_IsActive: 0
--- !u!4 &356940836
Transform:
  m_ObjectHideFlags: 0
  m_PrefabParentObject: {fileID: 0}
  m_PrefabInternal: {fileID: 0}
  m_GameObject: {fileID: 356940835}
  m_LocalRotation: {x: 0, y: -1.33158068e-07, z: 0, w: 1}
  m_LocalPosition: {x: -639.998718, y: 479.999969, z: 1000.28296}
  m_LocalScale: {x: .999839962, y: .999839962, z: .999839962}
  m_Children:
  - {fileID: 529449389}
  m_Father: {fileID: 364472280}
  m_RootOrder: 5
--- !u!114 &356940838
MonoBehaviour:
  m_ObjectHideFlags: 0
  m_PrefabParentObject: {fileID: 0}
  m_PrefabInternal: {fileID: 0}
  m_GameObject: {fileID: 356940835}
  m_Enabled: 1
  m_EditorHideFlags: 0
  m_Script: {fileID: 11500000, guid: e4c4ff40739c7904ca26c14ffbdc4176, type: 3}
  m_Name: 
  m_EditorClassIdentifier: 
  target: {fileID: 765607427}
  functionName: magnify
  trigger: 0
  includeChildren: 0
--- !u!114 &356940839
MonoBehaviour:
  m_ObjectHideFlags: 0
  m_PrefabParentObject: {fileID: 0}
  m_PrefabInternal: {fileID: 0}
  m_GameObject: {fileID: 356940835}
  m_Enabled: 1
  m_EditorHideFlags: 0
  m_Script: {fileID: 11500000, guid: c8077b76001d36d489868d20d28bddb9, type: 3}
  m_Name: 
  m_EditorClassIdentifier: 
  uiCamera: {fileID: 2031500747}
  widgetContainer: {fileID: 0}
  panelContainer: {fileID: 0}
  side: 2
  halfPixelOffset: 1
  relativeOffset: {x: 0, y: 0}
--- !u!114 &356940840
MonoBehaviour:
  m_ObjectHideFlags: 0
  m_PrefabParentObject: {fileID: 0}
  m_PrefabInternal: {fileID: 0}
  m_GameObject: {fileID: 356940835}
  m_Enabled: 1
  m_EditorHideFlags: 0
  m_Script: {fileID: 11500000, guid: 7d44bc69c2ca5f943b845318866dc1bd, type: 3}
  m_Name: 
  m_EditorClassIdentifier: 
  audioClip: {fileID: 8300000, guid: b5083cfe83bb875479bd797c61594131, type: 3}
  trigger: 0
  volume: 1
  pitch: 1
--- !u!65 &356940842
BoxCollider:
  m_ObjectHideFlags: 0
  m_PrefabParentObject: {fileID: 0}
  m_PrefabInternal: {fileID: 0}
  m_GameObject: {fileID: 356940835}
  m_Material: {fileID: 0}
  m_IsTrigger: 1
  m_Enabled: 1
  serializedVersion: 2
  m_Size: {x: 800, y: 1136, z: 1}
  m_Center: {x: 400, y: -640, z: 10}
--- !u!1 &364472279
GameObject:
  m_ObjectHideFlags: 0
  m_PrefabParentObject: {fileID: 0}
  m_PrefabInternal: {fileID: 0}
  serializedVersion: 4
  m_Component:
  - 4: {fileID: 364472280}
  - 114: {fileID: 364472281}
  m_Layer: 0
  m_Name: Anchor
  m_TagString: Untagged
  m_Icon: {fileID: 0}
  m_NavMeshLayer: 0
  m_StaticEditorFlags: 0
  m_IsActive: 1
--- !u!4 &364472280
Transform:
  m_ObjectHideFlags: 0
  m_PrefabParentObject: {fileID: 0}
  m_PrefabInternal: {fileID: 0}
  m_GameObject: {fileID: 364472279}
  m_LocalRotation: {x: 0, y: 0, z: 0, w: 1}
  m_LocalPosition: {x: 1.00195312, y: 1.00091553, z: 3.26477789e-07}
  m_LocalScale: {x: 1, y: 1, z: 1}
  m_Children:
  - {fileID: 1944842648}
  - {fileID: 134246429}
  - {fileID: 1142252026}
  - {fileID: 2106829252}
  - {fileID: 1051901089}
  - {fileID: 356940836}
  m_Father: {fileID: 2031500744}
  m_RootOrder: 0
--- !u!114 &364472281
MonoBehaviour:
  m_ObjectHideFlags: 0
  m_PrefabParentObject: {fileID: 0}
  m_PrefabInternal: {fileID: 0}
  m_GameObject: {fileID: 364472279}
  m_Enabled: 1
  m_EditorHideFlags: 0
  m_Script: {fileID: 11500000, guid: c8077b76001d36d489868d20d28bddb9, type: 3}
  m_Name: 
  m_EditorClassIdentifier: 
  uiCamera: {fileID: 2031500747}
  widgetContainer: {fileID: 0}
  panelContainer: {fileID: 0}
  side: 8
  halfPixelOffset: 1
  relativeOffset: {x: 0, y: 0}
--- !u!1 &387305865
GameObject:
  m_ObjectHideFlags: 0
  m_PrefabParentObject: {fileID: 0}
  m_PrefabInternal: {fileID: 0}
  serializedVersion: 4
  m_Component:
  - 4: {fileID: 387305866}
  - 114: {fileID: 387305867}
  - 114: {fileID: 387305868}
  m_Layer: 0
  m_Name: expandBackground
  m_TagString: Untagged
  m_Icon: {fileID: 0}
  m_NavMeshLayer: 0
  m_StaticEditorFlags: 0
  m_IsActive: 0
--- !u!4 &387305866
Transform:
  m_ObjectHideFlags: 0
  m_PrefabParentObject: {fileID: 0}
  m_PrefabInternal: {fileID: 0}
  m_GameObject: {fileID: 387305865}
  m_LocalRotation: {x: 0, y: 0, z: 0, w: 1}
  m_LocalPosition: {x: .592346191, y: .593261659, z: 1435.98621}
  m_LocalScale: {x: 800, y: 1200, z: 1}
  m_Children: []
  m_Father: {fileID: 585455554}
  m_RootOrder: 1
--- !u!114 &387305867
MonoBehaviour:
  m_ObjectHideFlags: 0
  m_PrefabParentObject: {fileID: 0}
  m_PrefabInternal: {fileID: 0}
  m_GameObject: {fileID: 387305865}
  m_Enabled: 1
  m_EditorHideFlags: 0
  m_Script: {fileID: 11500000, guid: d5c5ca47aa5c01740810b7c66662099f, type: 3}
  m_Name: 
  m_EditorClassIdentifier: 
  mMat: {fileID: 0}
  mTex: {fileID: 0}
  mColor: {r: 1, g: 1, b: 1, a: 1}
  mPivot: 4
  mDepth: 6
  mRect:
    serializedVersion: 2
    x: 0
    y: 0
    width: 1
    height: 1
  mShader: {fileID: 10752, guid: 0000000000000000f000000000000000, type: 0}
  mTexture: {fileID: 2800000, guid: ac9f795fdfa324793843b83185855846, type: 3}
--- !u!114 &387305868
MonoBehaviour:
  m_ObjectHideFlags: 0
  m_PrefabParentObject: {fileID: 0}
  m_PrefabInternal: {fileID: 0}
  m_GameObject: {fileID: 387305865}
  m_Enabled: 1
  m_EditorHideFlags: 0
  m_Script: {fileID: 11500000, guid: c8077b76001d36d489868d20d28bddb9, type: 3}
  m_Name: 
  m_EditorClassIdentifier: 
  uiCamera: {fileID: 2035816822}
  widgetContainer: {fileID: 0}
  panelContainer: {fileID: 0}
  side: 8
  halfPixelOffset: 1
  relativeOffset: {x: 0, y: 0}
--- !u!1 &404981265
GameObject:
  m_ObjectHideFlags: 0
  m_PrefabParentObject: {fileID: 100008, guid: cac1b504512a344ab86e755045eabe29, type: 2}
  m_PrefabInternal: {fileID: 979654616}
  serializedVersion: 4
  m_Component:
  - 4: {fileID: 404981266}
  - 114: {fileID: 404981268}
  - 114: {fileID: 404981267}
  m_Layer: 0
  m_Name: Notification Manager
  m_TagString: Untagged
  m_Icon: {fileID: 0}
  m_NavMeshLayer: 0
  m_StaticEditorFlags: 0
  m_IsActive: 1
--- !u!4 &404981266
Transform:
  m_ObjectHideFlags: 0
  m_PrefabParentObject: {fileID: 400008, guid: cac1b504512a344ab86e755045eabe29, type: 2}
  m_PrefabInternal: {fileID: 979654616}
  m_GameObject: {fileID: 404981265}
  m_LocalRotation: {x: 0, y: 0, z: 0, w: 1}
  m_LocalPosition: {x: 152, y: -80, z: 0}
  m_LocalScale: {x: 1, y: 1, z: 1}
  m_Children:
  - {fileID: 1940576997}
  m_Father: {fileID: 1944842648}
  m_RootOrder: 0
--- !u!114 &404981267
MonoBehaviour:
  m_ObjectHideFlags: 0
  m_PrefabParentObject: {fileID: 11400012, guid: cac1b504512a344ab86e755045eabe29,
    type: 2}
  m_PrefabInternal: {fileID: 979654616}
  m_GameObject: {fileID: 404981265}
  m_Enabled: 1
  m_EditorHideFlags: 0
  m_Script: {fileID: 11500000, guid: 58583c5c82b354044bb7715da9b01607, type: 3}
  m_Name: 
  m_EditorClassIdentifier: 
  notificationItem: {fileID: 1940576996}
  bg: {fileID: 1802013150}
  notiIcon: {fileID: 1039861426}
  notiText: {fileID: 1193521766}
--- !u!114 &404981268
MonoBehaviour:
  m_ObjectHideFlags: 0
  m_PrefabParentObject: {fileID: 11400010, guid: cac1b504512a344ab86e755045eabe29,
    type: 2}
  m_PrefabInternal: {fileID: 979654616}
  m_GameObject: {fileID: 404981265}
  m_Enabled: 1
  m_EditorHideFlags: 0
  m_Script: {fileID: 11500000, guid: ae942c9068183dc40a9d01f648273726, type: 3}
  m_Name: 
  m_EditorClassIdentifier: 
  showInPanelTool: 1
  generateNormals: 0
  depthPass: 0
  widgetsAreStatic: 0
  mAlpha: 1
  mDebugInfo: 1
  mClipping: 1
  mClipRange: {x: 0, y: -10, z: 330, w: 61}
  mClipSoftness: {x: 40, y: 40}
--- !u!1 &529449388
GameObject:
  m_ObjectHideFlags: 0
  m_PrefabParentObject: {fileID: 0}
  m_PrefabInternal: {fileID: 0}
  serializedVersion: 4
  m_Component:
  - 4: {fileID: 529449389}
  - 114: {fileID: 529449390}
  m_Layer: 0
  m_Name: Background
  m_TagString: Untagged
  m_Icon: {fileID: 0}
  m_NavMeshLayer: 0
  m_StaticEditorFlags: 0
  m_IsActive: 1
--- !u!4 &529449389
Transform:
  m_ObjectHideFlags: 0
  m_PrefabParentObject: {fileID: 0}
  m_PrefabInternal: {fileID: 0}
  m_GameObject: {fileID: 529449388}
  m_LocalRotation: {x: 0, y: 0, z: 0, w: 1}
  m_LocalPosition: {x: 0, y: 0, z: 0}
  m_LocalScale: {x: 2, y: 2, z: 1}
  m_Children: []
  m_Father: {fileID: 356940836}
  m_RootOrder: 0
--- !u!114 &529449390
MonoBehaviour:
  m_ObjectHideFlags: 0
  m_PrefabParentObject: {fileID: 0}
  m_PrefabInternal: {fileID: 0}
  m_GameObject: {fileID: 529449388}
  m_Enabled: 1
  m_EditorHideFlags: 0
  m_Script: {fileID: 11500000, guid: 1b3dc54f924693f41b5cbecb267e647a, type: 3}
  m_Name: 
  m_EditorClassIdentifier: 
  mMat: {fileID: 2100000, guid: 8d01c6dc0168e4cbc9b6601562667c54, type: 2}
  mTex: {fileID: 2800000, guid: 9c430155fb4d640119d2d26484b58a40, type: 3}
  mColor: {r: 1, g: 1, b: 1, a: 1}
  mPivot: 0
  mDepth: 162
  mAtlas: {fileID: 11400000, guid: 455909081adca4dda881292a73232fb9, type: 2}
  mSpriteName: 1x1
--- !u!1 &536145963
GameObject:
  m_ObjectHideFlags: 0
  m_PrefabParentObject: {fileID: 0}
  m_PrefabInternal: {fileID: 0}
  serializedVersion: 4
  m_Component:
  - 4: {fileID: 536145964}
  - 114: {fileID: 536145965}
  m_Layer: 0
  m_Name: ButtonController
  m_TagString: Untagged
  m_Icon: {fileID: 0}
  m_NavMeshLayer: 0
  m_StaticEditorFlags: 0
  m_IsActive: 1
--- !u!4 &536145964
Transform:
  m_ObjectHideFlags: 0
  m_PrefabParentObject: {fileID: 0}
  m_PrefabInternal: {fileID: 0}
  m_GameObject: {fileID: 536145963}
  m_LocalRotation: {x: 0, y: 0, z: 0, w: 1}
  m_LocalPosition: {x: -300.625, y: 430.898376, z: -9.79560646e-05}
  m_LocalScale: {x: 1, y: 1, z: 1}
  m_Children:
  - {fileID: 1302239179}
  m_Father: {fileID: 2106829252}
  m_RootOrder: 0
--- !u!114 &536145965
MonoBehaviour:
  m_ObjectHideFlags: 0
  m_PrefabParentObject: {fileID: 0}
  m_PrefabInternal: {fileID: 0}
  m_GameObject: {fileID: 536145963}
  m_Enabled: 1
  m_EditorHideFlags: 0
  m_Script: {fileID: 11500000, guid: c8077b76001d36d489868d20d28bddb9, type: 3}
  m_Name: 
  m_EditorClassIdentifier: 
  uiCamera: {fileID: 2031500747}
  widgetContainer: {fileID: 0}
  panelContainer: {fileID: 0}
  side: 2
  halfPixelOffset: 1
  relativeOffset: {x: 0, y: -.0500000007}
--- !u!1 &585455552
GameObject:
  m_ObjectHideFlags: 0
  m_PrefabParentObject: {fileID: 0}
  m_PrefabInternal: {fileID: 0}
  serializedVersion: 4
  m_Component:
  - 4: {fileID: 585455554}
  - 114: {fileID: 585455553}
  m_Layer: 0
  m_Name: Panel
  m_TagString: Untagged
  m_Icon: {fileID: 0}
  m_NavMeshLayer: 0
  m_StaticEditorFlags: 0
  m_IsActive: 1
--- !u!114 &585455553
MonoBehaviour:
  m_ObjectHideFlags: 0
  m_PrefabParentObject: {fileID: 0}
  m_PrefabInternal: {fileID: 0}
  m_GameObject: {fileID: 585455552}
  m_Enabled: 1
  m_EditorHideFlags: 0
  m_Script: {fileID: 11500000, guid: ae942c9068183dc40a9d01f648273726, type: 3}
  m_Name: 
  m_EditorClassIdentifier: 
  showInPanelTool: 1
  generateNormals: 0
  depthPass: 0
  widgetsAreStatic: 0
  mAlpha: 1
  mDebugInfo: 1
  mClipping: 0
  mClipRange: {x: 0, y: 0, z: 0, w: 0}
  mClipSoftness: {x: 40, y: 40}
--- !u!4 &585455554
Transform:
  m_ObjectHideFlags: 0
  m_PrefabParentObject: {fileID: 0}
  m_PrefabInternal: {fileID: 0}
  m_GameObject: {fileID: 585455552}
  m_LocalRotation: {x: 0, y: 0, z: 0, w: 1}
  m_LocalPosition: {x: 0, y: 0, z: 0}
  m_LocalScale: {x: 1, y: 1, z: 1}
  m_Children:
  - {fileID: 2069379697}
  - {fileID: 387305866}
  m_Father: {fileID: 1584604808}
  m_RootOrder: 0
--- !u!1 &658518979
GameObject:
  m_ObjectHideFlags: 0
  m_PrefabParentObject: {fileID: 0}
  m_PrefabInternal: {fileID: 0}
  serializedVersion: 4
  m_Component:
  - 4: {fileID: 658518980}
  - 114: {fileID: 658518981}
  - 114: {fileID: 658518983}
  - 114: {fileID: 658518984}
  - 65: {fileID: 658518982}
  m_Layer: 0
  m_Name: Camera Button
  m_TagString: Untagged
  m_Icon: {fileID: 0}
  m_NavMeshLayer: 0
  m_StaticEditorFlags: 0
  m_IsActive: 1
--- !u!4 &658518980
Transform:
  m_ObjectHideFlags: 0
  m_PrefabParentObject: {fileID: 0}
  m_PrefabInternal: {fileID: 0}
  m_GameObject: {fileID: 658518979}
  m_LocalRotation: {x: 0, y: 0, z: 0, w: 1}
  m_LocalPosition: {x: -11.0396118, y: 134.953522, z: -.996097267}
  m_LocalScale: {x: 1, y: 1, z: 1}
  m_Children:
  - {fileID: 1693143533}
  m_Father: {fileID: 1063239240}
  m_RootOrder: 0
--- !u!114 &658518981
MonoBehaviour:
  m_ObjectHideFlags: 0
  m_PrefabParentObject: {fileID: 0}
  m_PrefabInternal: {fileID: 0}
  m_GameObject: {fileID: 658518979}
  m_Enabled: 1
  m_EditorHideFlags: 0
  m_Script: {fileID: 11500000, guid: e4c4ff40739c7904ca26c14ffbdc4176, type: 3}
  m_Name: 
  m_EditorClassIdentifier: 
  target: {fileID: 765607427}
  functionName: CameraButtonClicked
  trigger: 0
  includeChildren: 0
--- !u!65 &658518982
BoxCollider:
  m_ObjectHideFlags: 0
  m_PrefabParentObject: {fileID: 0}
  m_PrefabInternal: {fileID: 0}
  m_GameObject: {fileID: 658518979}
  m_Material: {fileID: 0}
  m_IsTrigger: 1
  m_Enabled: 1
  serializedVersion: 2
  m_Size: {x: 101.999809, y: 74.9999924, z: 0}
  m_Center: {x: .000831604004, y: -.491291046, z: -75.2616501}
--- !u!114 &658518983
MonoBehaviour:
  m_ObjectHideFlags: 0
  m_PrefabParentObject: {fileID: 0}
  m_PrefabInternal: {fileID: 0}
  m_GameObject: {fileID: 658518979}
  m_Enabled: 1
  m_EditorHideFlags: 0
  m_Script: {fileID: 11500000, guid: 5c041f61e4a9fbf4e830210f5d933ece, type: 3}
  m_Name: 
  m_EditorClassIdentifier: 
  tweenTarget: {fileID: 0}
  hover: {x: 1, y: 1, z: 1}
  pressed: {x: 1.10000002, y: 1.10000002, z: 1.10000002}
--- !u!114 &658518984
MonoBehaviour:
  m_ObjectHideFlags: 0
  m_PrefabParentObject: {fileID: 0}
  m_PrefabInternal: {fileID: 0}
  m_GameObject: {fileID: 658518979}
  m_Enabled: 1
  m_EditorHideFlags: 0
  m_Script: {fileID: 11500000, guid: 7d44bc69c2ca5f943b845318866dc1bd, type: 3}
  m_Name: 
  m_EditorClassIdentifier: 
  audioClip: {fileID: 8300000, guid: 5de86eb2095304c1ab7f80051d5b066e, type: 3}
  trigger: 0
  volume: 1
  pitch: 1
--- !u!1 &697049022
GameObject:
  m_ObjectHideFlags: 0
  m_PrefabParentObject: {fileID: 0}
  m_PrefabInternal: {fileID: 0}
  serializedVersion: 4
  m_Component:
  - 4: {fileID: 697049023}
  - 114: {fileID: 697049024}
  - 114: {fileID: 697049027}
  - 114: {fileID: 697049028}
  - 65: {fileID: 697049025}
  m_Layer: 0
  m_Name: Left
  m_TagString: Untagged
  m_Icon: {fileID: 0}
  m_NavMeshLayer: 0
  m_StaticEditorFlags: 0
  m_IsActive: 1
--- !u!4 &697049023
Transform:
  m_ObjectHideFlags: 0
  m_PrefabParentObject: {fileID: 0}
  m_PrefabInternal: {fileID: 0}
  m_GameObject: {fileID: 697049022}
  m_LocalRotation: {x: 0, y: 0, z: .707106471, w: -.707107186}
  m_LocalPosition: {x: -281.168762, y: -16.811615, z: -9.16164136e-05}
  m_LocalScale: {x: 1, y: 1, z: 1}
  m_Children:
  - {fileID: 1860551757}
  m_Father: {fileID: 1063239240}
  m_RootOrder: 2
--- !u!114 &697049024
MonoBehaviour:
  m_ObjectHideFlags: 0
  m_PrefabParentObject: {fileID: 0}
  m_PrefabInternal: {fileID: 0}
  m_GameObject: {fileID: 697049022}
  m_Enabled: 1
  m_EditorHideFlags: 0
  m_Script: {fileID: 11500000, guid: 7d44bc69c2ca5f943b845318866dc1bd, type: 3}
  m_Name: 
  m_EditorClassIdentifier: 
  audioClip: {fileID: 8300000, guid: 5de86eb2095304c1ab7f80051d5b066e, type: 3}
  trigger: 0
  volume: 1
  pitch: 1
--- !u!65 &697049025
BoxCollider:
  m_ObjectHideFlags: 0
  m_PrefabParentObject: {fileID: 0}
  m_PrefabInternal: {fileID: 0}
  m_GameObject: {fileID: 697049022}
  m_Material: {fileID: 0}
  m_IsTrigger: 1
  m_Enabled: 1
  serializedVersion: 2
  m_Size: {x: 32.9956207, y: 18.0002136, z: 0}
  m_Center: {x: -.505758286, y: 1.00130796, z: -4.51563931}
--- !u!114 &697049027
MonoBehaviour:
  m_ObjectHideFlags: 0
  m_PrefabParentObject: {fileID: 0}
  m_PrefabInternal: {fileID: 0}
  m_GameObject: {fileID: 697049022}
  m_Enabled: 1
  m_EditorHideFlags: 0
  m_Script: {fileID: 11500000, guid: e4c4ff40739c7904ca26c14ffbdc4176, type: 3}
  m_Name: 
  m_EditorClassIdentifier: 
  target: {fileID: 1051901088}
  functionName: goDown
  trigger: 0
  includeChildren: 0
--- !u!114 &697049028
MonoBehaviour:
  m_ObjectHideFlags: 0
  m_PrefabParentObject: {fileID: 0}
  m_PrefabInternal: {fileID: 0}
  m_GameObject: {fileID: 697049022}
  m_Enabled: 1
  m_EditorHideFlags: 0
  m_Script: {fileID: 11500000, guid: 5c041f61e4a9fbf4e830210f5d933ece, type: 3}
  m_Name: 
  m_EditorClassIdentifier: 
  tweenTarget: {fileID: 0}
  hover: {x: 1, y: 1, z: 1}
  pressed: {x: 1.10000002, y: 1.10000002, z: 1.10000002}
--- !u!1001 &722449567
Prefab:
  m_ObjectHideFlags: 0
  serializedVersion: 2
  m_Modification:
    m_TransformParent: {fileID: 0}
    m_Modifications:
    - target: {fileID: 400000, guid: 182c489c090ad4d86b8ac13748d803b8, type: 2}
      propertyPath: m_LocalPosition.x
      value: 50000
      objectReference: {fileID: 0}
    - target: {fileID: 400000, guid: 182c489c090ad4d86b8ac13748d803b8, type: 2}
      propertyPath: m_LocalPosition.y
      value: 16100.1699
      objectReference: {fileID: 0}
    - target: {fileID: 400000, guid: 182c489c090ad4d86b8ac13748d803b8, type: 2}
      propertyPath: m_LocalPosition.z
      value: 664.050598
      objectReference: {fileID: 0}
    - target: {fileID: 400000, guid: 182c489c090ad4d86b8ac13748d803b8, type: 2}
      propertyPath: m_LocalRotation.x
      value: .000598080223
      objectReference: {fileID: 0}
    - target: {fileID: 400000, guid: 182c489c090ad4d86b8ac13748d803b8, type: 2}
      propertyPath: m_LocalRotation.y
      value: .997562528
      objectReference: {fileID: 0}
    - target: {fileID: 400000, guid: 182c489c090ad4d86b8ac13748d803b8, type: 2}
      propertyPath: m_LocalRotation.z
      value: -.0634415001
      objectReference: {fileID: 0}
    - target: {fileID: 400000, guid: 182c489c090ad4d86b8ac13748d803b8, type: 2}
      propertyPath: m_LocalRotation.w
      value: -.0290487316
      objectReference: {fileID: 0}
    - target: {fileID: 400000, guid: 182c489c090ad4d86b8ac13748d803b8, type: 2}
      propertyPath: m_RootOrder
      value: 1
      objectReference: {fileID: 0}
    - target: {fileID: 2000000, guid: 182c489c090ad4d86b8ac13748d803b8, type: 2}
      propertyPath: m_ClearFlags
      value: 3
      objectReference: {fileID: 0}
    - target: {fileID: 2000000, guid: 182c489c090ad4d86b8ac13748d803b8, type: 2}
      propertyPath: near clip plane
      value: 300
      objectReference: {fileID: 0}
    - target: {fileID: 2000000, guid: 182c489c090ad4d86b8ac13748d803b8, type: 2}
      propertyPath: far clip plane
      value: 800
      objectReference: {fileID: 0}
    - target: {fileID: 11400000, guid: 182c489c090ad4d86b8ac13748d803b8, type: 2}
      propertyPath: xDisplacement
      value: -.100000001
      objectReference: {fileID: 0}
    - target: {fileID: 11400000, guid: 182c489c090ad4d86b8ac13748d803b8, type: 2}
      propertyPath: yDisplacement
      value: -.150000006
      objectReference: {fileID: 0}
    m_RemovedComponents: []
  m_ParentPrefab: {fileID: 100100000, guid: 182c489c090ad4d86b8ac13748d803b8, type: 2}
  m_RootGameObject: {fileID: 1650418896}
  m_IsPrefabParent: 0
  m_IsExploded: 1
--- !u!1 &765607427
GameObject:
  m_ObjectHideFlags: 0
  m_PrefabParentObject: {fileID: 0}
  m_PrefabInternal: {fileID: 0}
  serializedVersion: 4
  m_Component:
  - 4: {fileID: 765607429}
  - 114: {fileID: 765607430}
  m_Layer: 0
  m_Name: Init
  m_TagString: Untagged
  m_Icon: {fileID: 0}
  m_NavMeshLayer: 0
  m_StaticEditorFlags: 0
  m_IsActive: 1
--- !u!4 &765607429
Transform:
  m_ObjectHideFlags: 0
  m_PrefabParentObject: {fileID: 0}
  m_PrefabInternal: {fileID: 0}
  m_GameObject: {fileID: 765607427}
  m_LocalRotation: {x: 0, y: 0, z: 0, w: 1}
  m_LocalPosition: {x: 11.2103357, y: 29.820488, z: 24.7798767}
  m_LocalScale: {x: 1, y: 1, z: 1}
  m_Children: []
  m_Father: {fileID: 0}
  m_RootOrder: 3
--- !u!114 &765607430
MonoBehaviour:
  m_ObjectHideFlags: 0
  m_PrefabParentObject: {fileID: 0}
  m_PrefabInternal: {fileID: 0}
  m_GameObject: {fileID: 765607427}
  m_Enabled: 1
  m_EditorHideFlags: 0
  m_Script: {fileID: 11500000, guid: 00fef65b604e649cfa9facbf4addd144, type: 3}
  m_Name: 
  m_EditorClassIdentifier: 
  leftArrow: {fileID: 0}
  rightArrow: {fileID: 0}
  scrollPanelGroup: {fileID: 1051901088}
  uiPanel: {fileID: 2106829250}
  flashPanel: {fileID: 134246428}
  bgTexture: {fileID: 2069379699}
  showPanelButton: {fileID: 1823357259}
  xDisplacement:
  - 30
  - 120
--- !u!1 &823378615
GameObject:
  m_ObjectHideFlags: 0
  m_PrefabParentObject: {fileID: 0}
  m_PrefabInternal: {fileID: 0}
  serializedVersion: 4
  m_Component:
  - 4: {fileID: 823378616}
  - 114: {fileID: 823378617}
  - 114: {fileID: 823378620}
  - 114: {fileID: 823378621}
  - 65: {fileID: 823378618}
  m_Layer: 0
  m_Name: Right
  m_TagString: Untagged
  m_Icon: {fileID: 0}
  m_NavMeshLayer: 0
  m_StaticEditorFlags: 0
  m_IsActive: 1
--- !u!4 &823378616
Transform:
  m_ObjectHideFlags: 0
  m_PrefabParentObject: {fileID: 0}
  m_PrefabInternal: {fileID: 0}
  m_GameObject: {fileID: 823378615}
  m_LocalRotation: {x: 0, y: 0, z: .70710659, w: -.707106948}
  m_LocalPosition: {x: 278.776917, y: -16.811615, z: 9.08370566e-05}
  m_LocalScale: {x: 1, y: 1, z: 1}
  m_Children:
  - {fileID: 45454522}
  m_Father: {fileID: 1063239240}
  m_RootOrder: 4
--- !u!114 &823378617
MonoBehaviour:
  m_ObjectHideFlags: 0
  m_PrefabParentObject: {fileID: 0}
  m_PrefabInternal: {fileID: 0}
  m_GameObject: {fileID: 823378615}
  m_Enabled: 1
  m_EditorHideFlags: 0
  m_Script: {fileID: 11500000, guid: 7d44bc69c2ca5f943b845318866dc1bd, type: 3}
  m_Name: 
  m_EditorClassIdentifier: 
  audioClip: {fileID: 8300000, guid: 5de86eb2095304c1ab7f80051d5b066e, type: 3}
  trigger: 0
  volume: 1
  pitch: 1
--- !u!65 &823378618
BoxCollider:
  m_ObjectHideFlags: 0
  m_PrefabParentObject: {fileID: 0}
  m_PrefabInternal: {fileID: 0}
  m_GameObject: {fileID: 823378615}
  m_Material: {fileID: 0}
  m_IsTrigger: 1
  m_Enabled: 1
  serializedVersion: 2
  m_Size: {x: 33.0029373, y: 18.0001984, z: 0}
  m_Center: {x: .490829468, y: .000144004822, z: -4.51545715}
--- !u!114 &823378620
MonoBehaviour:
  m_ObjectHideFlags: 0
  m_PrefabParentObject: {fileID: 0}
  m_PrefabInternal: {fileID: 0}
  m_GameObject: {fileID: 823378615}
  m_Enabled: 1
  m_EditorHideFlags: 0
  m_Script: {fileID: 11500000, guid: e4c4ff40739c7904ca26c14ffbdc4176, type: 3}
  m_Name: 
  m_EditorClassIdentifier: 
  target: {fileID: 1051901088}
  functionName: goUp
  trigger: 0
  includeChildren: 0
--- !u!114 &823378621
MonoBehaviour:
  m_ObjectHideFlags: 0
  m_PrefabParentObject: {fileID: 0}
  m_PrefabInternal: {fileID: 0}
  m_GameObject: {fileID: 823378615}
  m_Enabled: 1
  m_EditorHideFlags: 0
  m_Script: {fileID: 11500000, guid: 5c041f61e4a9fbf4e830210f5d933ece, type: 3}
  m_Name: 
  m_EditorClassIdentifier: 
  tweenTarget: {fileID: 0}
  hover: {x: 1, y: 1, z: 1}
  pressed: {x: 1.10000002, y: 1.10000002, z: 1.10000002}
--- !u!1001 &979654616
Prefab:
  m_ObjectHideFlags: 0
  serializedVersion: 2
  m_Modification:
    m_TransformParent: {fileID: 364472280}
    m_Modifications:
    - target: {fileID: 400000, guid: cac1b504512a344ab86e755045eabe29, type: 2}
      propertyPath: m_LocalPosition.x
      value: -24089278
      objectReference: {fileID: 0}
    - target: {fileID: 400000, guid: cac1b504512a344ab86e755045eabe29, type: 2}
      propertyPath: m_LocalPosition.y
      value: 7762625.5
      objectReference: {fileID: 0}
    - target: {fileID: 400000, guid: cac1b504512a344ab86e755045eabe29, type: 2}
      propertyPath: m_LocalPosition.z
      value: 2403379.25
      objectReference: {fileID: 0}
    - target: {fileID: 400000, guid: cac1b504512a344ab86e755045eabe29, type: 2}
      propertyPath: m_LocalRotation.x
      value: 0
      objectReference: {fileID: 0}
    - target: {fileID: 400000, guid: cac1b504512a344ab86e755045eabe29, type: 2}
      propertyPath: m_LocalRotation.y
      value: 0
      objectReference: {fileID: 0}
    - target: {fileID: 400000, guid: cac1b504512a344ab86e755045eabe29, type: 2}
      propertyPath: m_LocalRotation.z
      value: 0
      objectReference: {fileID: 0}
    - target: {fileID: 400000, guid: cac1b504512a344ab86e755045eabe29, type: 2}
      propertyPath: m_LocalRotation.w
      value: 1
      objectReference: {fileID: 0}
    - target: {fileID: 400000, guid: cac1b504512a344ab86e755045eabe29, type: 2}
      propertyPath: m_RootOrder
      value: 1
      objectReference: {fileID: 0}
    - target: {fileID: 11400004, guid: cac1b504512a344ab86e755045eabe29, type: 2}
      propertyPath: mMat
      value: 
      objectReference: {fileID: 0}
    - target: {fileID: 11400008, guid: cac1b504512a344ab86e755045eabe29, type: 2}
      propertyPath: mMat
      value: 
      objectReference: {fileID: 0}
    - target: {fileID: 11400008, guid: cac1b504512a344ab86e755045eabe29, type: 2}
      propertyPath: mTex
      value: 
      objectReference: {fileID: 0}
    - target: {fileID: 11400014, guid: cac1b504512a344ab86e755045eabe29, type: 2}
      propertyPath: mMat
      value: 
      objectReference: {fileID: 0}
    - target: {fileID: 11400014, guid: cac1b504512a344ab86e755045eabe29, type: 2}
      propertyPath: mTex
      value: 
      objectReference: {fileID: 0}
    - target: {fileID: 400002, guid: cac1b504512a344ab86e755045eabe29, type: 2}
      propertyPath: m_LocalScale.x
      value: 200
      objectReference: {fileID: 0}
    m_RemovedComponents: []
  m_ParentPrefab: {fileID: 100100000, guid: cac1b504512a344ab86e755045eabe29, type: 2}
  m_RootGameObject: {fileID: 1944842646}
  m_IsPrefabParent: 0
  m_IsExploded: 1
--- !u!1 &1039861424
GameObject:
  m_ObjectHideFlags: 0
  m_PrefabParentObject: {fileID: 100006, guid: cac1b504512a344ab86e755045eabe29, type: 2}
  m_PrefabInternal: {fileID: 979654616}
  serializedVersion: 4
  m_Component:
  - 4: {fileID: 1039861425}
  - 114: {fileID: 1039861426}
  m_Layer: 0
  m_Name: Sprite (notification_jobFinish)
  m_TagString: Untagged
  m_Icon: {fileID: 0}
  m_NavMeshLayer: 0
  m_StaticEditorFlags: 0
  m_IsActive: 1
--- !u!4 &1039861425
Transform:
  m_ObjectHideFlags: 0
  m_PrefabParentObject: {fileID: 400006, guid: cac1b504512a344ab86e755045eabe29, type: 2}
  m_PrefabInternal: {fileID: 979654616}
  m_GameObject: {fileID: 1039861424}
  m_LocalRotation: {x: 0, y: 0, z: 0, w: 1}
  m_LocalPosition: {x: -110, y: -6, z: 0}
  m_LocalScale: {x: 48, y: 42, z: 1}
  m_Children: []
  m_Father: {fileID: 1940576997}
  m_RootOrder: 1
--- !u!114 &1039861426
MonoBehaviour:
  m_ObjectHideFlags: 0
  m_PrefabParentObject: {fileID: 11400008, guid: cac1b504512a344ab86e755045eabe29,
    type: 2}
  m_PrefabInternal: {fileID: 979654616}
  m_GameObject: {fileID: 1039861424}
  m_Enabled: 1
  m_EditorHideFlags: 0
  m_Script: {fileID: 11500000, guid: 1b3dc54f924693f41b5cbecb267e647a, type: 3}
  m_Name: 
  m_EditorClassIdentifier: 
  mMat: {fileID: 2100000, guid: 595909a4b5666476581326c68cf04a26, type: 2}
  mTex: {fileID: 2800000, guid: b69bcb31d6380486bb6036d95c133634, type: 3}
  mColor: {r: 1, g: 1, b: 1, a: 1}
  mPivot: 4
  mDepth: 1
  mAtlas: {fileID: 11400000, guid: 6d85c62246de14daa950ccf2b28d72d9, type: 2}
  mSpriteName: notification_jobFinish
--- !u!1 &1051901088
GameObject:
  m_ObjectHideFlags: 0
  m_PrefabParentObject: {fileID: 0}
  m_PrefabInternal: {fileID: 0}
  serializedVersion: 4
  m_Component:
  - 4: {fileID: 1051901089}
  - 114: {fileID: 1051901090}
  - 114: {fileID: 1051901092}
  - 114: {fileID: 1051901091}
  m_Layer: 0
  m_Name: ScrollPanel
  m_TagString: Untagged
  m_Icon: {fileID: 0}
  m_NavMeshLayer: 0
  m_StaticEditorFlags: 0
  m_IsActive: 1
--- !u!4 &1051901089
Transform:
  m_ObjectHideFlags: 0
  m_PrefabParentObject: {fileID: 0}
  m_PrefabInternal: {fileID: 0}
  m_GameObject: {fileID: 1051901088}
  m_LocalRotation: {x: 0, y: 0, z: 0, w: 1}
  m_LocalPosition: {x: 0, y: -481.003418, z: 0}
  m_LocalScale: {x: 1, y: 1, z: 1}
  m_Children:
  - {fileID: 1063239240}
  m_Father: {fileID: 364472280}
  m_RootOrder: 4
--- !u!114 &1051901090
MonoBehaviour:
  m_ObjectHideFlags: 0
  m_PrefabParentObject: {fileID: 0}
  m_PrefabInternal: {fileID: 0}
  m_GameObject: {fileID: 1051901088}
  m_Enabled: 1
  m_EditorHideFlags: 0
  m_Script: {fileID: 11500000, guid: c8077b76001d36d489868d20d28bddb9, type: 3}
  m_Name: 
  m_EditorClassIdentifier: 
  uiCamera: {fileID: 2031500747}
  widgetContainer: {fileID: 0}
  panelContainer: {fileID: 0}
  side: 7
  halfPixelOffset: 1
  relativeOffset: {x: 0, y: 0}
--- !u!114 &1051901091
MonoBehaviour:
  m_ObjectHideFlags: 0
  m_PrefabParentObject: {fileID: 0}
  m_PrefabInternal: {fileID: 0}
  m_GameObject: {fileID: 1051901088}
  m_Enabled: 1
  m_EditorHideFlags: 0
  m_Script: {fileID: 11500000, guid: 46e919b6fe7a54583b014ea908b2ea0f, type: 3}
  m_Name: 
  m_EditorClassIdentifier: 
  sceneBgObj: {fileID: 2069379696}
  uiCameraAnchorObj: {fileID: 364472279}
  scrollPanelT: {fileID: 1689909214}
--- !u!114 &1051901092
MonoBehaviour:
  m_ObjectHideFlags: 0
  m_PrefabParentObject: {fileID: 0}
  m_PrefabInternal: {fileID: 0}
  m_GameObject: {fileID: 1051901088}
  m_Enabled: 1
  m_EditorHideFlags: 0
  m_Script: {fileID: 11500000, guid: 02a2498db631e43e596c64443eade33a, type: 3}
  m_Name: 
  m_EditorClassIdentifier: 
  speed: 2
  fromXValue: 0
  toXValue: 0
  fromYValue: 0
  toYValue: -.200000003
  mode: 0
--- !u!1 &1063239239
GameObject:
  m_ObjectHideFlags: 0
  m_PrefabParentObject: {fileID: 0}
  m_PrefabInternal: {fileID: 0}
  serializedVersion: 4
  m_Component:
  - 4: {fileID: 1063239240}
  m_Layer: 0
  m_Name: ScrollPanel-Item
  m_TagString: Untagged
  m_Icon: {fileID: 0}
  m_NavMeshLayer: 0
  m_StaticEditorFlags: 0
  m_IsActive: 1
--- !u!4 &1063239240
Transform:
  m_ObjectHideFlags: 0
  m_PrefabParentObject: {fileID: 0}
  m_PrefabInternal: {fileID: 0}
  m_GameObject: {fileID: 1063239239}
  m_LocalRotation: {x: 0, y: 0, z: 0, w: 1}
  m_LocalPosition: {x: .359802246, y: 120.88623, z: 1.17238457e-07}
  m_LocalScale: {x: 1, y: 1, z: 1}
  m_Children:
  - {fileID: 658518980}
  - {fileID: 233116652}
  - {fileID: 697049023}
  - {fileID: 2092720631}
  - {fileID: 823378616}
  - {fileID: 1689909216}
  m_Father: {fileID: 1051901089}
  m_RootOrder: 0
--- !u!1 &1104641726
GameObject:
  m_ObjectHideFlags: 0
  m_PrefabParentObject: {fileID: 100010, guid: cac1b504512a344ab86e755045eabe29, type: 2}
  m_PrefabInternal: {fileID: 979654616}
  serializedVersion: 4
  m_Component:
  - 4: {fileID: 1104641727}
  - 114: {fileID: 1104641728}
  m_Layer: 0
  m_Name: Background
  m_TagString: Untagged
  m_Icon: {fileID: 0}
  m_NavMeshLayer: 0
  m_StaticEditorFlags: 0
  m_IsActive: 1
--- !u!4 &1104641727
Transform:
  m_ObjectHideFlags: 0
  m_PrefabParentObject: {fileID: 400010, guid: cac1b504512a344ab86e755045eabe29, type: 2}
  m_PrefabInternal: {fileID: 979654616}
  m_GameObject: {fileID: 1104641726}
  m_LocalRotation: {x: 0, y: 0, z: 0, w: 1}
  m_LocalPosition: {x: .5, y: .5, z: 0}
  m_LocalScale: {x: 303, y: 61, z: 1}
  m_Children: []
  m_Father: {fileID: 1802013151}
  m_RootOrder: 0
--- !u!114 &1104641728
MonoBehaviour:
  m_ObjectHideFlags: 0
  m_PrefabParentObject: {fileID: 11400014, guid: cac1b504512a344ab86e755045eabe29,
    type: 2}
  m_PrefabInternal: {fileID: 979654616}
  m_GameObject: {fileID: 1104641726}
  m_Enabled: 1
  m_EditorHideFlags: 0
  m_Script: {fileID: 11500000, guid: 1b3dc54f924693f41b5cbecb267e647a, type: 3}
  m_Name: 
  m_EditorClassIdentifier: 
  mMat: {fileID: 2100000, guid: 595909a4b5666476581326c68cf04a26, type: 2}
  mTex: {fileID: 2800000, guid: b69bcb31d6380486bb6036d95c133634, type: 3}
  mColor: {r: 1, g: 1, b: 1, a: 1}
  mPivot: 4
  mDepth: 0
  mAtlas: {fileID: 11400000, guid: 6d85c62246de14daa950ccf2b28d72d9, type: 2}
  mSpriteName: notification_bar
--- !u!1 &1141495314
GameObject:
  m_ObjectHideFlags: 0
  m_PrefabParentObject: {fileID: 0}
  m_PrefabInternal: {fileID: 0}
  serializedVersion: 4
  m_Component:
  - 4: {fileID: 1141495316}
  - 114: {fileID: 1141495315}
  - 114: {fileID: 1141495317}
  - 114: {fileID: 1141495318}
  m_Layer: 0
  m_Name: UI Root (2D)
  m_TagString: Untagged
  m_Icon: {fileID: 0}
  m_NavMeshLayer: 0
  m_StaticEditorFlags: 0
  m_IsActive: 1
--- !u!114 &1141495315
MonoBehaviour:
  m_ObjectHideFlags: 0
  m_PrefabParentObject: {fileID: 0}
  m_PrefabInternal: {fileID: 0}
  m_GameObject: {fileID: 1141495314}
  m_Enabled: 1
  m_EditorHideFlags: 0
  m_Script: {fileID: 11500000, guid: 2c5ecb5660b11414fb042fb826e03b73, type: 3}
  m_Name: 
  m_EditorClassIdentifier: 
  scalingStyle: 1
  automatic: 0
  manualHeight: 960
  minimumHeight: 320
  maximumHeight: 1536
--- !u!4 &1141495316
Transform:
  m_ObjectHideFlags: 0
  m_PrefabParentObject: {fileID: 0}
  m_PrefabInternal: {fileID: 0}
  m_GameObject: {fileID: 1141495314}
  m_LocalRotation: {x: 0, y: 0, z: 0, w: 1}
  m_LocalPosition: {x: 25, y: 161, z: 664}
  m_LocalScale: {x: .00208333344, y: .00208333344, z: .00208333344}
  m_Children:
  - {fileID: 2035816821}
  - {fileID: 2031500744}
  m_Father: {fileID: 0}
  m_RootOrder: 4
--- !u!114 &1141495317
MonoBehaviour:
  m_ObjectHideFlags: 0
  m_PrefabParentObject: {fileID: 0}
  m_PrefabInternal: {fileID: 0}
  m_GameObject: {fileID: 1141495314}
  m_Enabled: 1
  m_EditorHideFlags: 0
  m_Script: {fileID: 11500000, guid: ac3f45c0f3e0a4bf39804615ee22bcb4, type: 3}
  m_Name: 
  m_EditorClassIdentifier: 
  manualWidth: 640
  maxAcceptAspectRatio: 1.5
--- !u!114 &1141495318
MonoBehaviour:
  m_ObjectHideFlags: 0
  m_PrefabParentObject: {fileID: 0}
  m_PrefabInternal: {fileID: 0}
  m_GameObject: {fileID: 1141495314}
  m_Enabled: 1
  m_EditorHideFlags: 0
  m_Script: {fileID: 11500000, guid: ae942c9068183dc40a9d01f648273726, type: 3}
  m_Name: 
  m_EditorClassIdentifier: 
  showInPanelTool: 1
  generateNormals: 0
  depthPass: 0
  widgetsAreStatic: 0
  mAlpha: 1
  mDebugInfo: 1
  mClipping: 0
  mClipRange: {x: 0, y: 0, z: 0, w: 0}
  mClipSoftness: {x: 40, y: 40}
--- !u!1 &1142252025
GameObject:
  m_ObjectHideFlags: 0
  m_PrefabParentObject: {fileID: 0}
  m_PrefabInternal: {fileID: 0}
  serializedVersion: 4
  m_Component:
  - 4: {fileID: 1142252026}
  - 114: {fileID: 1142252027}
  - 65: {fileID: 1142252028}
  - 114: {fileID: 1142252029}
  m_Layer: 0
  m_Name: HidePanelToggler
  m_TagString: Untagged
  m_Icon: {fileID: 0}
  m_NavMeshLayer: 0
  m_StaticEditorFlags: 0
  m_IsActive: 1
--- !u!4 &1142252026
Transform:
  m_ObjectHideFlags: 0
  m_PrefabParentObject: {fileID: 0}
  m_PrefabInternal: {fileID: 0}
  m_GameObject: {fileID: 1142252025}
  m_LocalRotation: {x: 0, y: 0, z: 0, w: 1}
  m_LocalPosition: {x: 0, y: 0, z: 0}
  m_LocalScale: {x: 1, y: 1, z: 1}
  m_Children: []
  m_Father: {fileID: 364472280}
  m_RootOrder: 2
--- !u!114 &1142252027
MonoBehaviour:
  m_ObjectHideFlags: 0
  m_PrefabParentObject: {fileID: 0}
  m_PrefabInternal: {fileID: 0}
  m_GameObject: {fileID: 1142252025}
  m_Enabled: 1
  m_EditorHideFlags: 0
  m_Script: {fileID: 11500000, guid: e4c4ff40739c7904ca26c14ffbdc4176, type: 3}
  m_Name: 
  m_EditorClassIdentifier: 
  target: {fileID: 765607427}
  functionName: HidePanelClicked
  trigger: 0
  includeChildren: 0
--- !u!65 &1142252028
BoxCollider:
  m_ObjectHideFlags: 0
  m_PrefabParentObject: {fileID: 0}
  m_PrefabInternal: {fileID: 0}
  m_GameObject: {fileID: 1142252025}
  m_Material: {fileID: 0}
  m_IsTrigger: 1
  m_Enabled: 1
  serializedVersion: 2
  m_Size: {x: 800, y: 1200, z: 0}
  m_Center: {x: 0, y: 0, z: 0}
--- !u!114 &1142252029
MonoBehaviour:
  m_ObjectHideFlags: 0
  m_PrefabParentObject: {fileID: 0}
  m_PrefabInternal: {fileID: 0}
  m_GameObject: {fileID: 1142252025}
  m_Enabled: 1
  m_EditorHideFlags: 0
  m_Script: {fileID: 11500000, guid: 7d44bc69c2ca5f943b845318866dc1bd, type: 3}
  m_Name: 
  m_EditorClassIdentifier: 
  audioClip: {fileID: 8300000, guid: d4224ff213fb54af4b60cb6571620468, type: 3}
  trigger: 0
  volume: 1
  pitch: 1
--- !u!1 &1148603601
GameObject:
  m_ObjectHideFlags: 0
  m_PrefabParentObject: {fileID: 0}
  m_PrefabInternal: {fileID: 0}
  serializedVersion: 4
  m_Component:
  - 4: {fileID: 1148603602}
  m_Layer: 0
  m_Name: CharacterReferenceBF
  m_TagString: Untagged
  m_Icon: {fileID: 0}
  m_NavMeshLayer: 0
  m_StaticEditorFlags: 0
  m_IsActive: 1
--- !u!4 &1148603602
Transform:
  m_ObjectHideFlags: 0
  m_PrefabParentObject: {fileID: 0}
  m_PrefabInternal: {fileID: 0}
  m_GameObject: {fileID: 1148603601}
  m_LocalRotation: {x: 0, y: 0, z: 0, w: 1}
  m_LocalPosition: {x: 0, y: 0, z: 0}
  m_LocalScale: {x: 1, y: 1, z: 1}
  m_Children: []
  m_Father: {fileID: 0}
  m_RootOrder: 2
--- !u!1 &1193521764
GameObject:
  m_ObjectHideFlags: 0
  m_PrefabParentObject: {fileID: 100002, guid: cac1b504512a344ab86e755045eabe29, type: 2}
  m_PrefabInternal: {fileID: 979654616}
  serializedVersion: 4
  m_Component:
  - 4: {fileID: 1193521765}
  - 114: {fileID: 1193521766}
  m_Layer: 0
  m_Name: UISysFontLabel
  m_TagString: Untagged
  m_Icon: {fileID: 0}
  m_NavMeshLayer: 0
  m_StaticEditorFlags: 0
  m_IsActive: 1
--- !u!4 &1193521765
Transform:
  m_ObjectHideFlags: 0
  m_PrefabParentObject: {fileID: 400002, guid: cac1b504512a344ab86e755045eabe29, type: 2}
  m_PrefabInternal: {fileID: 979654616}
  m_GameObject: {fileID: 1193521764}
  m_LocalRotation: {x: 0, y: 0, z: 0, w: 1}
  m_LocalPosition: {x: 30, y: -6, z: -1}
  m_LocalScale: {x: 200, y: 24, z: 1}
  m_Children: []
  m_Father: {fileID: 1940576997}
  m_RootOrder: 2
--- !u!114 &1193521766
MonoBehaviour:
  m_ObjectHideFlags: 0
  m_PrefabParentObject: {fileID: 11400004, guid: cac1b504512a344ab86e755045eabe29,
    type: 2}
  m_PrefabInternal: {fileID: 979654616}
  m_GameObject: {fileID: 1193521764}
  m_Enabled: 1
  m_EditorHideFlags: 0
  m_Script: {fileID: 11500000, guid: 8b5d6734ea32e4f0a8935ea9b353d0df, type: 3}
  m_Name: 
  m_EditorClassIdentifier: 
  mMat: {fileID: 0}
  mTex: {fileID: 0}
  mColor: {r: 0, g: 0, b: 0, a: 1}
  mPivot: 4
  mDepth: 35
  _texture:
    _text: Download Complete!
    _appleFontName: 
    _androidFontName: 
    _fontSize: 20
    _isBold: 1
    _isItalic: 0
    _alignment: 1
    _isMultiLine: 1
    _maxWidthPixels: 2048
    _maxHeightPixels: 2048
    _effect: 0
    _effectDistance: {x: 1, y: 1}
    _effectQuality: 1
    _effectColor: {r: 0, g: 0, b: 0, a: 1}
--- !u!1 &1302239178
GameObject:
  m_ObjectHideFlags: 0
  m_PrefabParentObject: {fileID: 0}
  m_PrefabInternal: {fileID: 0}
  serializedVersion: 4
  m_Component:
  - 4: {fileID: 1302239179}
  - 114: {fileID: 1302239181}
  - 114: {fileID: 1302239184}
  - 114: {fileID: 1302239185}
  - 65: {fileID: 1302239180}
  m_Layer: 0
  m_Name: Back Button
  m_TagString: Untagged
  m_Icon: {fileID: 0}
  m_NavMeshLayer: 0
  m_StaticEditorFlags: 0
  m_IsActive: 1
--- !u!4 &1302239179
Transform:
  m_ObjectHideFlags: 0
  m_PrefabParentObject: {fileID: 0}
  m_PrefabInternal: {fileID: 0}
  m_GameObject: {fileID: 1302239178}
  m_LocalRotation: {x: 0, y: 0, z: 0, w: 1}
  m_LocalPosition: {x: 45.9246826, y: -18.28125, z: .263686806}
  m_LocalScale: {x: 1, y: 1, z: 1}
  m_Children:
  - {fileID: 1631465987}
  m_Father: {fileID: 536145964}
  m_RootOrder: 0
--- !u!65 &1302239180
BoxCollider:
  m_ObjectHideFlags: 0
  m_PrefabParentObject: {fileID: 0}
  m_PrefabInternal: {fileID: 0}
  m_GameObject: {fileID: 1302239178}
  m_Material: {fileID: 0}
  m_IsTrigger: 1
  m_Enabled: 1
  serializedVersion: 2
  m_Size: {x: 44.9999962, y: 61.9995079, z: 0}
  m_Center: {x: 24.5000801, y: -31.9945049, z: -1.2519511}
--- !u!114 &1302239181
MonoBehaviour:
  m_ObjectHideFlags: 0
  m_PrefabParentObject: {fileID: 0}
  m_PrefabInternal: {fileID: 0}
  m_GameObject: {fileID: 1302239178}
  m_Enabled: 1
  m_EditorHideFlags: 0
  m_Script: {fileID: 11500000, guid: 7d44bc69c2ca5f943b845318866dc1bd, type: 3}
  m_Name: 
  m_EditorClassIdentifier: 
  audioClip: {fileID: 8300000, guid: 5de86eb2095304c1ab7f80051d5b066e, type: 3}
  trigger: 0
  volume: 1
  pitch: 1
--- !u!114 &1302239184
MonoBehaviour:
  m_ObjectHideFlags: 0
  m_PrefabParentObject: {fileID: 0}
  m_PrefabInternal: {fileID: 0}
  m_GameObject: {fileID: 1302239178}
  m_Enabled: 1
  m_EditorHideFlags: 0
  m_Script: {fileID: 11500000, guid: e4c4ff40739c7904ca26c14ffbdc4176, type: 3}
  m_Name: 
  m_EditorClassIdentifier: 
  target: {fileID: 765607427}
  functionName: BackButtonClicked
  trigger: 0
  includeChildren: 0
--- !u!114 &1302239185
MonoBehaviour:
  m_ObjectHideFlags: 0
  m_PrefabParentObject: {fileID: 0}
  m_PrefabInternal: {fileID: 0}
  m_GameObject: {fileID: 1302239178}
  m_Enabled: 1
  m_EditorHideFlags: 0
  m_Script: {fileID: 11500000, guid: 5c041f61e4a9fbf4e830210f5d933ece, type: 3}
  m_Name: 
  m_EditorClassIdentifier: 
  tweenTarget: {fileID: 0}
  hover: {x: 1, y: 1, z: 1}
  pressed: {x: 1.10000002, y: 1.10000002, z: 1.10000002}
--- !u!1 &1584604807
GameObject:
  m_ObjectHideFlags: 0
  m_PrefabParentObject: {fileID: 0}
  m_PrefabInternal: {fileID: 0}
  serializedVersion: 4
  m_Component:
  - 4: {fileID: 1584604808}
  - 114: {fileID: 1584604809}
  - 114: {fileID: 1584604810}
  m_Layer: 0
  m_Name: Anchor
  m_TagString: Untagged
  m_Icon: {fileID: 0}
  m_NavMeshLayer: 0
  m_StaticEditorFlags: 0
  m_IsActive: 1
--- !u!4 &1584604808
Transform:
  m_ObjectHideFlags: 0
  m_PrefabParentObject: {fileID: 0}
  m_PrefabInternal: {fileID: 0}
  m_GameObject: {fileID: 1584604807}
  m_LocalRotation: {x: 0, y: 0, z: 0, w: 1}
  m_LocalPosition: {x: -.000244140625, y: 0, z: 0}
  m_LocalScale: {x: 1, y: 1, z: 1}
  m_Children:
  - {fileID: 585455554}
  m_Father: {fileID: 2035816821}
  m_RootOrder: 0
--- !u!114 &1584604809
MonoBehaviour:
  m_ObjectHideFlags: 0
  m_PrefabParentObject: {fileID: 0}
  m_PrefabInternal: {fileID: 0}
  m_GameObject: {fileID: 1584604807}
  m_Enabled: 0
  m_EditorHideFlags: 0
  m_Script: {fileID: 11500000, guid: c8077b76001d36d489868d20d28bddb9, type: 3}
  m_Name: 
  m_EditorClassIdentifier: 
  uiCamera: {fileID: 2035816822}
  widgetContainer: {fileID: 0}
  panelContainer: {fileID: 0}
  side: 8
  halfPixelOffset: 1
  relativeOffset: {x: 0, y: 0}
--- !u!114 &1584604810
MonoBehaviour:
  m_ObjectHideFlags: 0
  m_PrefabParentObject: {fileID: 0}
  m_PrefabInternal: {fileID: 0}
  m_GameObject: {fileID: 1584604807}
  m_Enabled: 1
  m_EditorHideFlags: 0
  m_Script: {fileID: 11500000, guid: 7bb394688267e4f55814166d836ae538, type: 3}
  m_Name: 
  m_EditorClassIdentifier: 
  id: 1
  proportion: 0
  speed: 1
  xDisplacement: 12
  yDisplacement: -35
  zDisplacement: -130
  mode: 0
  curveType: 2
--- !u!1 &1631465986
GameObject:
  m_ObjectHideFlags: 0
  m_PrefabParentObject: {fileID: 0}
  m_PrefabInternal: {fileID: 0}
  serializedVersion: 4
  m_Component:
  - 4: {fileID: 1631465987}
  - 114: {fileID: 1631465988}
  m_Layer: 0
  m_Name: Background
  m_TagString: Untagged
  m_Icon: {fileID: 0}
  m_NavMeshLayer: 0
  m_StaticEditorFlags: 0
  m_IsActive: 1
--- !u!4 &1631465987
Transform:
  m_ObjectHideFlags: 0
  m_PrefabParentObject: {fileID: 0}
  m_PrefabInternal: {fileID: 0}
  m_GameObject: {fileID: 1631465986}
  m_LocalRotation: {x: 0, y: 0, z: 0, w: 1}
  m_LocalPosition: {x: 0, y: 0, z: 0}
  m_LocalScale: {x: 45, y: 62, z: 1}
  m_Children: []
  m_Father: {fileID: 1302239179}
  m_RootOrder: 0
--- !u!114 &1631465988
MonoBehaviour:
  m_ObjectHideFlags: 0
  m_PrefabParentObject: {fileID: 0}
  m_PrefabInternal: {fileID: 0}
  m_GameObject: {fileID: 1631465986}
  m_Enabled: 1
  m_EditorHideFlags: 0
  m_Script: {fileID: 11500000, guid: 1b3dc54f924693f41b5cbecb267e647a, type: 3}
  m_Name: 
  m_EditorClassIdentifier: 
  mMat: {fileID: 2100000, guid: f7499937830c6468889edc6caaae28c1, type: 2}
  mTex: {fileID: 2800000, guid: c5970a1aba80248bab0c0dc1950502c1, type: 3}
  mColor: {r: 1, g: 1, b: 1, a: 1}
  mPivot: 0
  mDepth: 4
  mAtlas: {fileID: 11400000, guid: ec9f4ec80c9234a13a6089a79d34f513, type: 2}
  mSpriteName: camera_button_quit
--- !u!1 &1650418896
GameObject:
  m_ObjectHideFlags: 0
  m_PrefabParentObject: {fileID: 100000, guid: 182c489c090ad4d86b8ac13748d803b8, type: 2}
  m_PrefabInternal: {fileID: 722449567}
  serializedVersion: 4
  m_Component:
  - 4: {fileID: 1650418903}
  - 20: {fileID: 1650418902}
  - 114: {fileID: 1650418898}
  - 114: {fileID: 1650418897}
  m_Layer: 0
  m_Name: BKCamera
  m_TagString: Untagged
  m_Icon: {fileID: 0}
  m_NavMeshLayer: 0
  m_StaticEditorFlags: 0
  m_IsActive: 1
--- !u!114 &1650418897
MonoBehaviour:
  m_ObjectHideFlags: 0
  m_PrefabParentObject: {fileID: 0}
  m_PrefabInternal: {fileID: 0}
  m_GameObject: {fileID: 1650418896}
  m_Enabled: 1
  m_EditorHideFlags: 0
  m_Script: {fileID: 11500000, guid: 7bb394688267e4f55814166d836ae538, type: 3}
  m_Name: 
  m_EditorClassIdentifier: 
  id: 1
  proportion: 0
  speed: 1
  xDisplacement: -15
  yDisplacement: 15
  zDisplacement: -300
  mode: 0
  curveType: 2
--- !u!114 &1650418898
MonoBehaviour:
  m_ObjectHideFlags: 0
  m_PrefabParentObject: {fileID: 11400000, guid: 182c489c090ad4d86b8ac13748d803b8,
    type: 2}
  m_PrefabInternal: {fileID: 722449567}
  m_GameObject: {fileID: 1650418896}
  m_Enabled: 1
  m_EditorHideFlags: 0
  m_Script: {fileID: 11500000, guid: 7a4b240d70f304d41bba77ed86732791, type: 3}
  m_Name: 
  m_EditorClassIdentifier: 
  xDisplacement: -.100000001
  yDisplacement: -.150000006
--- !u!20 &1650418902
Camera:
  m_ObjectHideFlags: 0
  m_PrefabParentObject: {fileID: 2000000, guid: 182c489c090ad4d86b8ac13748d803b8,
    type: 2}
  m_PrefabInternal: {fileID: 722449567}
  m_GameObject: {fileID: 1650418896}
  m_Enabled: 1
  serializedVersion: 2
  m_ClearFlags: 3
  m_BackGroundColor: {r: .192156866, g: .301960796, b: .474509805, a: .0196078438}
  m_NormalizedViewPortRect:
    serializedVersion: 2
    x: 0
    y: 0
    width: 1
    height: 1
  near clip plane: 300
  far clip plane: 800
  field of view: 20
  orthographic: 0
  orthographic size: 100
  m_Depth: 1
  m_CullingMask:
    serializedVersion: 2
    m_Bits: 4294967295
  m_RenderingPath: 1
  m_TargetTexture: {fileID: 0}
  m_TargetDisplay: 0
  m_HDR: 0
  m_OcclusionCulling: 1
  m_StereoConvergence: 10
  m_StereoSeparation: .0219999999
--- !u!4 &1650418903
Transform:
  m_ObjectHideFlags: 0
  m_PrefabParentObject: {fileID: 400000, guid: 182c489c090ad4d86b8ac13748d803b8, type: 2}
  m_PrefabInternal: {fileID: 722449567}
  m_GameObject: {fileID: 1650418896}
  m_LocalRotation: {x: .000598080223, y: .997562528, z: -.0634415001, w: -.0290487316}
  m_LocalPosition: {x: 50000, y: 16100.1699, z: 664.050598}
  m_LocalScale: {x: 1, y: 1, z: 1}
  m_Children: []
  m_Father: {fileID: 0}
  m_RootOrder: 0
--- !u!1 &1689909214
GameObject:
  m_ObjectHideFlags: 0
  m_PrefabParentObject: {fileID: 0}
  m_PrefabInternal: {fileID: 0}
  serializedVersion: 4
  m_Component:
  - 4: {fileID: 1689909216}
  - 114: {fileID: 1689909220}
  - 114: {fileID: 1689909215}
  - 114: {fileID: 1689909217}
  - 114: {fileID: 1689909218}
  m_Layer: 0
  m_Name: ScrollPanelT
  m_TagString: Untagged
  m_Icon: {fileID: 0}
  m_NavMeshLayer: 0
  m_StaticEditorFlags: 0
  m_IsActive: 1
--- !u!114 &1689909215
MonoBehaviour:
  m_ObjectHideFlags: 0
  m_PrefabParentObject: {fileID: 0}
  m_PrefabInternal: {fileID: 0}
  m_GameObject: {fileID: 1689909214}
  m_Enabled: 1
  m_EditorHideFlags: 0
  m_Script: {fileID: 11500000, guid: d81807633ea807d4c8e3fff7e10c6000, type: 3}
  m_Name: 
  m_EditorClassIdentifier: 
  restrictWithinPanel: 1
  disableDragIfFits: 0
  dragEffect: 2
  smoothDragStart: 1
  scale: {x: 1, y: 0, z: 0}
  scrollWheelFactor: 0
  momentumAmount: 50
  relativePositionOnReset: {x: 0, y: 0}
  repositionClipping: 0
  horizontalScrollBar: {fileID: 0}
  verticalScrollBar: {fileID: 0}
  showScrollBars: 1
--- !u!4 &1689909216
Transform:
  m_ObjectHideFlags: 0
  m_PrefabParentObject: {fileID: 0}
  m_PrefabInternal: {fileID: 0}
  m_GameObject: {fileID: 1689909214}
  m_LocalRotation: {x: 0, y: 0, z: 0, w: 1}
  m_LocalPosition: {x: 0, y: -23.6499023, z: 8}
  m_LocalScale: {x: 1, y: 1, z: 1}
  m_Children: []
  m_Father: {fileID: 1063239240}
  m_RootOrder: 5
--- !u!114 &1689909217
MonoBehaviour:
  m_ObjectHideFlags: 0
  m_PrefabParentObject: {fileID: 0}
  m_PrefabInternal: {fileID: 0}
  m_GameObject: {fileID: 1689909214}
  m_Enabled: 0
  m_EditorHideFlags: 0
  m_Script: {fileID: 11500000, guid: d35d721694fa0ee48a2d14bddfcbf4a4, type: 3}
  m_Name: 
  m_EditorClassIdentifier: 
  realTimeUpdate: 0
--- !u!114 &1689909218
MonoBehaviour:
  m_ObjectHideFlags: 0
  m_PrefabParentObject: {fileID: 0}
  m_PrefabInternal: {fileID: 0}
  m_GameObject: {fileID: 1689909214}
  m_Enabled: 1
  m_EditorHideFlags: 0
  m_Script: {fileID: 11500000, guid: 07c4de3b4b6fe9045b059ee627c100df, type: 3}
  m_Name: 
  m_EditorClassIdentifier: 
  arrangement: 0
  maxPerLine: 0
  cellWidth: 110
  cellHeight: 145
  repositionNow: 0
  sorted: 0
  hideInactive: 1
--- !u!114 &1689909220
MonoBehaviour:
  m_ObjectHideFlags: 0
  m_PrefabParentObject: {fileID: 0}
  m_PrefabInternal: {fileID: 0}
  m_GameObject: {fileID: 1689909214}
  m_Enabled: 1
  m_EditorHideFlags: 0
  m_Script: {fileID: 11500000, guid: ae942c9068183dc40a9d01f648273726, type: 3}
  m_Name: 
  m_EditorClassIdentifier: 
  showInPanelTool: 1
  generateNormals: 0
  depthPass: 0
  widgetsAreStatic: 0
  mAlpha: 1
  mDebugInfo: 1
  mClipping: 3
  mClipRange: {x: 0, y: 0, z: 520, w: 180}
  mClipSoftness: {x: 40, y: 1}
--- !u!1 &1693143532
GameObject:
  m_ObjectHideFlags: 0
  m_PrefabParentObject: {fileID: 0}
  m_PrefabInternal: {fileID: 0}
  serializedVersion: 4
  m_Component:
  - 4: {fileID: 1693143533}
  - 114: {fileID: 1693143534}
  m_Layer: 0
  m_Name: Background
  m_TagString: Untagged
  m_Icon: {fileID: 0}
  m_NavMeshLayer: 0
  m_StaticEditorFlags: 0
  m_IsActive: 1
--- !u!4 &1693143533
Transform:
  m_ObjectHideFlags: 0
  m_PrefabParentObject: {fileID: 0}
  m_PrefabInternal: {fileID: 0}
  m_GameObject: {fileID: 1693143532}
  m_LocalRotation: {x: 0, y: 0, z: 0, w: 1}
  m_LocalPosition: {x: 0, y: 0, z: 0}
  m_LocalScale: {x: 102, y: 75, z: 1}
  m_Children: []
  m_Father: {fileID: 658518980}
  m_RootOrder: 0
--- !u!114 &1693143534
MonoBehaviour:
  m_ObjectHideFlags: 0
  m_PrefabParentObject: {fileID: 0}
  m_PrefabInternal: {fileID: 0}
  m_GameObject: {fileID: 1693143532}
  m_Enabled: 1
  m_EditorHideFlags: 0
  m_Script: {fileID: 11500000, guid: 1b3dc54f924693f41b5cbecb267e647a, type: 3}
  m_Name: 
  m_EditorClassIdentifier: 
  mMat: {fileID: 2100000, guid: f7499937830c6468889edc6caaae28c1, type: 2}
  mTex: {fileID: 2800000, guid: c5970a1aba80248bab0c0dc1950502c1, type: 3}
  mColor: {r: 1, g: 1, b: 1, a: 1}
  mPivot: 4
  mDepth: 300
  mAtlas: {fileID: 11400000, guid: ec9f4ec80c9234a13a6089a79d34f513, type: 2}
  mSpriteName: camera_button_camera
--- !u!1 &1802013150
GameObject:
  m_ObjectHideFlags: 0
  m_PrefabParentObject: {fileID: 100012, guid: cac1b504512a344ab86e755045eabe29, type: 2}
  m_PrefabInternal: {fileID: 979654616}
  serializedVersion: 4
  m_Component:
  - 4: {fileID: 1802013151}
  - 65: {fileID: 1802013155}
  - 114: {fileID: 1802013154}
  - 114: {fileID: 1802013153}
  - 114: {fileID: 1802013152}
  m_Layer: 0
  m_Name: Bg
  m_TagString: Untagged
  m_Icon: {fileID: 0}
  m_NavMeshLayer: 0
  m_StaticEditorFlags: 0
  m_IsActive: 1
--- !u!4 &1802013151
Transform:
  m_ObjectHideFlags: 0
  m_PrefabParentObject: {fileID: 400012, guid: cac1b504512a344ab86e755045eabe29, type: 2}
  m_PrefabInternal: {fileID: 979654616}
  m_GameObject: {fileID: 1802013150}
  m_LocalRotation: {x: 0, y: 0, z: 0, w: 1}
  m_LocalPosition: {x: 0, y: 0, z: 0}
  m_LocalScale: {x: 1, y: 1, z: 1}
  m_Children:
  - {fileID: 1104641727}
  m_Father: {fileID: 1940576997}
  m_RootOrder: 0
--- !u!114 &1802013152
MonoBehaviour:
  m_ObjectHideFlags: 0
  m_PrefabParentObject: {fileID: 11400000, guid: cac1b504512a344ab86e755045eabe29,
    type: 2}
  m_PrefabInternal: {fileID: 979654616}
  m_GameObject: {fileID: 1802013150}
  m_Enabled: 1
  m_EditorHideFlags: 0
  m_Script: {fileID: 11500000, guid: e4c4ff40739c7904ca26c14ffbdc4176, type: 3}
  m_Name: 
  m_EditorClassIdentifier: 
  target: {fileID: 404981265}
  functionName: ItemClicked
  trigger: 0
  includeChildren: 0
--- !u!114 &1802013153
MonoBehaviour:
  m_ObjectHideFlags: 0
  m_PrefabParentObject: {fileID: 11400016, guid: cac1b504512a344ab86e755045eabe29,
    type: 2}
  m_PrefabInternal: {fileID: 979654616}
  m_GameObject: {fileID: 1802013150}
  m_Enabled: 1
  m_EditorHideFlags: 0
  m_Script: {fileID: 11500000, guid: 7d44bc69c2ca5f943b845318866dc1bd, type: 3}
  m_Name: 
  m_EditorClassIdentifier: 
  audioClip: {fileID: 0}
  trigger: 0
  volume: 1
  pitch: 1
--- !u!114 &1802013154
MonoBehaviour:
  m_ObjectHideFlags: 0
  m_PrefabParentObject: {fileID: 11400018, guid: cac1b504512a344ab86e755045eabe29,
    type: 2}
  m_PrefabInternal: {fileID: 979654616}
  m_GameObject: {fileID: 1802013150}
  m_Enabled: 1
  m_EditorHideFlags: 0
  m_Script: {fileID: 11500000, guid: 4271d0dec29cc9845a75627e88f762af, type: 3}
  m_Name: 
  m_EditorClassIdentifier: 
  target: {fileID: 1104641728}
  normalSprite: notification_bar
  hoverSprite: notification_bar
  pressedSprite: notification_bar
--- !u!65 &1802013155
BoxCollider:
  m_ObjectHideFlags: 0
  m_PrefabParentObject: {fileID: 6500000, guid: cac1b504512a344ab86e755045eabe29,
    type: 2}
  m_PrefabInternal: {fileID: 979654616}
  m_GameObject: {fileID: 1802013150}
  m_Material: {fileID: 0}
  m_IsTrigger: 1
  m_Enabled: 1
  serializedVersion: 2
  m_Size: {x: 303.000031, y: 60.9985199, z: 0}
  m_Center: {x: .500091553, y: -1.49896622, z: -.250039309}
--- !u!1 &1823357257
GameObject:
  m_ObjectHideFlags: 0
  m_PrefabParentObject: {fileID: 0}
  m_PrefabInternal: {fileID: 0}
  serializedVersion: 4
  m_Component:
  - 4: {fileID: 1823357258}
  - 114: {fileID: 1823357259}
  m_Layer: 0
  m_Name: Background
  m_TagString: Untagged
  m_Icon: {fileID: 0}
  m_NavMeshLayer: 0
  m_StaticEditorFlags: 0
  m_IsActive: 1
--- !u!4 &1823357258
Transform:
  m_ObjectHideFlags: 0
  m_PrefabParentObject: {fileID: 0}
  m_PrefabInternal: {fileID: 0}
  m_GameObject: {fileID: 1823357257}
  m_LocalRotation: {x: 0, y: 0, z: 0, w: 1}
  m_LocalPosition: {x: 0, y: .5, z: 0}
  m_LocalScale: {x: 33, y: 18, z: 1}
  m_Children: []
  m_Father: {fileID: 233116652}
  m_RootOrder: 0
--- !u!114 &1823357259
MonoBehaviour:
  m_ObjectHideFlags: 0
  m_PrefabParentObject: {fileID: 0}
  m_PrefabInternal: {fileID: 0}
  m_GameObject: {fileID: 1823357257}
  m_Enabled: 1
  m_EditorHideFlags: 0
  m_Script: {fileID: 11500000, guid: 1b3dc54f924693f41b5cbecb267e647a, type: 3}
  m_Name: 
  m_EditorClassIdentifier: 
  mMat: {fileID: 2100000, guid: f7499937830c6468889edc6caaae28c1, type: 2}
  mTex: {fileID: 2800000, guid: c5970a1aba80248bab0c0dc1950502c1, type: 3}
  mColor: {r: 1, g: 1, b: 1, a: 1}
  mPivot: 4
  mDepth: 40
  mAtlas: {fileID: 11400000, guid: ec9f4ec80c9234a13a6089a79d34f513, type: 2}
  mSpriteName: camera_slider_arrow
--- !u!1 &1860551756
GameObject:
  m_ObjectHideFlags: 0
  m_PrefabParentObject: {fileID: 0}
  m_PrefabInternal: {fileID: 0}
  serializedVersion: 4
  m_Component:
  - 4: {fileID: 1860551757}
  - 114: {fileID: 1860551758}
  m_Layer: 0
  m_Name: Background
  m_TagString: Untagged
  m_Icon: {fileID: 0}
  m_NavMeshLayer: 0
  m_StaticEditorFlags: 0
  m_IsActive: 1
--- !u!4 &1860551757
Transform:
  m_ObjectHideFlags: 0
  m_PrefabParentObject: {fileID: 0}
  m_PrefabInternal: {fileID: 0}
  m_GameObject: {fileID: 1860551756}
  m_LocalRotation: {x: 0, y: 0, z: 0, w: 1}
  m_LocalPosition: {x: 0, y: .5, z: 0}
  m_LocalScale: {x: 33, y: 18, z: 1}
  m_Children: []
  m_Father: {fileID: 697049023}
  m_RootOrder: 0
--- !u!114 &1860551758
MonoBehaviour:
  m_ObjectHideFlags: 0
  m_PrefabParentObject: {fileID: 0}
  m_PrefabInternal: {fileID: 0}
  m_GameObject: {fileID: 1860551756}
  m_Enabled: 1
  m_EditorHideFlags: 0
  m_Script: {fileID: 11500000, guid: 1b3dc54f924693f41b5cbecb267e647a, type: 3}
  m_Name: 
  m_EditorClassIdentifier: 
  mMat: {fileID: 2100000, guid: f7499937830c6468889edc6caaae28c1, type: 2}
  mTex: {fileID: 2800000, guid: c5970a1aba80248bab0c0dc1950502c1, type: 3}
  mColor: {r: 1, g: 1, b: 1, a: 1}
  mPivot: 4
  mDepth: 17
  mAtlas: {fileID: 11400000, guid: ec9f4ec80c9234a13a6089a79d34f513, type: 2}
  mSpriteName: camera_slider_arrow
--- !u!1 &1937587087
GameObject:
  m_ObjectHideFlags: 0
  m_PrefabParentObject: {fileID: 0}
  m_PrefabInternal: {fileID: 0}
  serializedVersion: 4
  m_Component:
  - 4: {fileID: 1937587088}
  m_Layer: 0
  m_Name: CharacterReference
  m_TagString: Untagged
  m_Icon: {fileID: 0}
  m_NavMeshLayer: 0
  m_StaticEditorFlags: 0
  m_IsActive: 1
--- !u!4 &1937587088
Transform:
  m_ObjectHideFlags: 0
  m_PrefabParentObject: {fileID: 0}
  m_PrefabInternal: {fileID: 0}
  m_GameObject: {fileID: 1937587087}
  m_LocalRotation: {x: 0, y: 0, z: 0, w: 1}
  m_LocalPosition: {x: 0, y: 0, z: 0}
  m_LocalScale: {x: 1, y: 1, z: 1}
  m_Children: []
  m_Father: {fileID: 0}
  m_RootOrder: 1
--- !u!1 &1940576996
GameObject:
  m_ObjectHideFlags: 0
  m_PrefabParentObject: {fileID: 100004, guid: cac1b504512a344ab86e755045eabe29, type: 2}
  m_PrefabInternal: {fileID: 979654616}
  serializedVersion: 4
  m_Component:
  - 4: {fileID: 1940576997}
  - 114: {fileID: 1940576998}
  m_Layer: 0
  m_Name: NotificationItem
  m_TagString: Untagged
  m_Icon: {fileID: 0}
  m_NavMeshLayer: 0
  m_StaticEditorFlags: 0
  m_IsActive: 1
--- !u!4 &1940576997
Transform:
  m_ObjectHideFlags: 0
  m_PrefabParentObject: {fileID: 400004, guid: cac1b504512a344ab86e755045eabe29, type: 2}
  m_PrefabInternal: {fileID: 979654616}
  m_GameObject: {fileID: 1940576996}
  m_LocalRotation: {x: 0, y: 0, z: 0, w: 1}
  m_LocalPosition: {x: 0, y: 70, z: 0}
  m_LocalScale: {x: 1, y: 1, z: 1}
  m_Children:
  - {fileID: 1802013151}
  - {fileID: 1039861425}
  - {fileID: 1193521765}
  m_Father: {fileID: 404981266}
  m_RootOrder: 0
--- !u!114 &1940576998
MonoBehaviour:
  m_ObjectHideFlags: 0
  m_PrefabParentObject: {fileID: 11400006, guid: cac1b504512a344ab86e755045eabe29,
    type: 2}
  m_PrefabInternal: {fileID: 979654616}
  m_GameObject: {fileID: 1940576996}
  m_Enabled: 1
  m_EditorHideFlags: 0
  m_Script: {fileID: 11500000, guid: 7bb394688267e4f55814166d836ae538, type: 3}
  m_Name: 
  m_EditorClassIdentifier: 
  id: 1
  proportion: 0
  speed: 1
  xDisplacement: 0
  yDisplacement: -70
  zDisplacement: 0
  mode: 0
  curveType: 2
--- !u!1 &1944842646
GameObject:
  m_ObjectHideFlags: 0
  m_PrefabParentObject: {fileID: 100000, guid: cac1b504512a344ab86e755045eabe29, type: 2}
  m_PrefabInternal: {fileID: 979654616}
  serializedVersion: 4
  m_Component:
  - 4: {fileID: 1944842648}
  - 114: {fileID: 1944842647}
  m_Layer: 0
  m_Name: NotificationMother
  m_TagString: Untagged
  m_Icon: {fileID: 0}
  m_NavMeshLayer: 0
  m_StaticEditorFlags: 0
  m_IsActive: 1
--- !u!114 &1944842647
MonoBehaviour:
  m_ObjectHideFlags: 0
  m_PrefabParentObject: {fileID: 11400002, guid: cac1b504512a344ab86e755045eabe29,
    type: 2}
  m_PrefabInternal: {fileID: 979654616}
  m_GameObject: {fileID: 1944842646}
  m_Enabled: 1
  m_EditorHideFlags: 0
  m_Script: {fileID: 11500000, guid: c8077b76001d36d489868d20d28bddb9, type: 3}
  m_Name: 
  m_EditorClassIdentifier: 
  uiCamera: {fileID: 1650418902}
  widgetContainer: {fileID: 0}
  panelContainer: {fileID: 0}
  side: 2
  halfPixelOffset: 1
  relativeOffset: {x: 0, y: 0}
--- !u!4 &1944842648
Transform:
  m_ObjectHideFlags: 0
  m_PrefabParentObject: {fileID: 400000, guid: cac1b504512a344ab86e755045eabe29, type: 2}
  m_PrefabInternal: {fileID: 979654616}
  m_GameObject: {fileID: 1944842646}
  m_LocalRotation: {x: 0, y: 0, z: 0, w: 1}
  m_LocalPosition: {x: -24089278, y: 7762625.5, z: 2403379.25}
  m_LocalScale: {x: 1, y: 1, z: 1}
  m_Children:
  - {fileID: 404981266}
  m_Father: {fileID: 364472280}
  m_RootOrder: 0
--- !u!1 &1986827021
GameObject:
  m_ObjectHideFlags: 0
  m_PrefabParentObject: {fileID: 0}
  m_PrefabInternal: {fileID: 0}
  serializedVersion: 4
  m_Component:
  - 4: {fileID: 1986827022}
  - 114: {fileID: 1986827024}
  m_Layer: 0
  m_Name: Sprite (white)
  m_TagString: Untagged
  m_Icon: {fileID: 0}
  m_NavMeshLayer: 0
  m_StaticEditorFlags: 0
  m_IsActive: 1
--- !u!4 &1986827022
Transform:
  m_ObjectHideFlags: 0
  m_PrefabParentObject: {fileID: 0}
  m_PrefabInternal: {fileID: 0}
  m_GameObject: {fileID: 1986827021}
  m_LocalRotation: {x: 0, y: 0, z: 0, w: 1}
  m_LocalPosition: {x: 0, y: 0, z: -10}
  m_LocalScale: {x: 800, y: 1200, z: 1}
  m_Children: []
  m_Father: {fileID: 134246429}
  m_RootOrder: 0
--- !u!114 &1986827024
MonoBehaviour:
  m_ObjectHideFlags: 0
  m_PrefabParentObject: {fileID: 0}
  m_PrefabInternal: {fileID: 0}
  m_GameObject: {fileID: 1986827021}
  m_Enabled: 1
  m_EditorHideFlags: 0
  m_Script: {fileID: 11500000, guid: 9d33c6354b54fb847b16b36e1391868d, type: 3}
  m_Name: 
  m_EditorClassIdentifier: 
  mMat: {fileID: 2100000, guid: 3957083f0c126432d88331989f17000c, type: 2}
  mTex: {fileID: 2800000, guid: a4e9157dcfab548c6ba962c404825e8d, type: 3}
  mColor: {r: 1, g: 1, b: 1, a: 1}
  mPivot: 4
  mDepth: 0
  mAtlas: {fileID: 11400000, guid: 47779770aeae24fb9a313881216874a2, type: 2}
  mSpriteName: white
  mFillCenter: 1
--- !u!1 &2031500743
GameObject:
  m_ObjectHideFlags: 0
  m_PrefabParentObject: {fileID: 0}
  m_PrefabInternal: {fileID: 0}
  serializedVersion: 4
  m_Component:
  - 4: {fileID: 2031500744}
  - 20: {fileID: 2031500747}
  - 114: {fileID: 2031500745}
  m_Layer: 0
  m_Name: UICamera
  m_TagString: MainCamera
  m_Icon: {fileID: 0}
  m_NavMeshLayer: 0
  m_StaticEditorFlags: 0
  m_IsActive: 1
--- !u!4 &2031500744
Transform:
  m_ObjectHideFlags: 0
  m_PrefabParentObject: {fileID: 0}
  m_PrefabInternal: {fileID: 0}
  m_GameObject: {fileID: 2031500743}
  m_LocalRotation: {x: 0, y: 1, z: 0, w: -1.62920685e-07}
  m_LocalPosition: {x: 20000, y: 1000, z: 0}
  m_LocalScale: {x: 1, y: 1, z: 1}
  m_Children:
  - {fileID: 364472280}
  m_Father: {fileID: 1141495316}
  m_RootOrder: 1
--- !u!114 &2031500745
MonoBehaviour:
  m_ObjectHideFlags: 0
  m_PrefabParentObject: {fileID: 0}
  m_PrefabInternal: {fileID: 0}
  m_GameObject: {fileID: 2031500743}
  m_Enabled: 1
  m_EditorHideFlags: 0
  m_Script: {fileID: 11500000, guid: 2a92b5d748695fd44aac9feef17ba415, type: 3}
  m_Name: 
  m_EditorClassIdentifier: 
  debug: 0
  useMouse: 1
  useTouch: 1
  allowMultiTouch: 1
  useKeyboard: 1
  useController: 1
  stickyPress: 1
  eventReceiverMask:
    serializedVersion: 2
    m_Bits: 1
  clipRaycasts: 1
  tooltipDelay: 1
  stickyTooltip: 1
  mouseDragThreshold: 4
  mouseClickThreshold: 10
  touchDragThreshold: 40
  touchClickThreshold: 40
  rangeDistance: -1
  scrollAxisName: Mouse ScrollWheel
  verticalAxisName: Vertical
  horizontalAxisName: Horizontal
  submitKey0: 13
  submitKey1: 330
  cancelKey0: 27
  cancelKey1: 331
--- !u!20 &2031500747
Camera:
  m_ObjectHideFlags: 0
  m_PrefabParentObject: {fileID: 0}
  m_PrefabInternal: {fileID: 0}
  m_GameObject: {fileID: 2031500743}
  m_Enabled: 1
  serializedVersion: 2
  m_ClearFlags: 3
  m_BackGroundColor: {r: .5, g: .5, b: .5, a: 1}
  m_NormalizedViewPortRect:
    serializedVersion: 2
    x: 0
    y: 0
    width: 1
    height: 1
  near clip plane: -2
  far clip plane: 4
  field of view: 60
  orthographic: 1
  orthographic size: 1
  m_Depth: 2
  m_CullingMask:
    serializedVersion: 2
    m_Bits: 257
  m_RenderingPath: -1
  m_TargetTexture: {fileID: 0}
  m_TargetDisplay: 0
  m_HDR: 0
  m_OcclusionCulling: 1
  m_StereoConvergence: 10
  m_StereoSeparation: .0219999999
--- !u!1 &2035816820
GameObject:
  m_ObjectHideFlags: 0
  m_PrefabParentObject: {fileID: 0}
  m_PrefabInternal: {fileID: 0}
  serializedVersion: 4
  m_Component:
  - 4: {fileID: 2035816821}
  - 20: {fileID: 2035816822}
  - 114: {fileID: 2035816823}
  m_Layer: 0
  m_Name: BGCamera
  m_TagString: Untagged
  m_Icon: {fileID: 0}
  m_NavMeshLayer: 0
  m_StaticEditorFlags: 0
  m_IsActive: 1
--- !u!4 &2035816821
Transform:
  m_ObjectHideFlags: 0
  m_PrefabParentObject: {fileID: 0}
  m_PrefabInternal: {fileID: 0}
  m_GameObject: {fileID: 2035816820}
  m_LocalRotation: {x: 0, y: 0, z: 0, w: 1}
  m_LocalPosition: {x: -10000, y: 0, z: 0}
  m_LocalScale: {x: 1, y: 1, z: 1}
  m_Children:
  - {fileID: 1584604808}
  m_Father: {fileID: 1141495316}
  m_RootOrder: 0
--- !u!20 &2035816822
Camera:
  m_ObjectHideFlags: 0
  m_PrefabParentObject: {fileID: 0}
  m_PrefabInternal: {fileID: 0}
  m_GameObject: {fileID: 2035816820}
  m_Enabled: 1
  serializedVersion: 2
  m_ClearFlags: 2
  m_BackGroundColor: {r: 0, g: 0, b: 0, a: 1}
  m_NormalizedViewPortRect:
    serializedVersion: 2
    x: 0
    y: 0
    width: 1
    height: 1
  near clip plane: .300000012
  far clip plane: 4
  field of view: 40
  orthographic: 1
  orthographic size: 1
  m_Depth: 0
  m_CullingMask:
    serializedVersion: 2
    m_Bits: 4294967017
  m_RenderingPath: -1
  m_TargetTexture: {fileID: 0}
  m_TargetDisplay: 0
  m_HDR: 0
  m_OcclusionCulling: 1
  m_StereoConvergence: 10
  m_StereoSeparation: .0219999999
--- !u!114 &2035816823
MonoBehaviour:
  m_ObjectHideFlags: 0
  m_PrefabParentObject: {fileID: 0}
  m_PrefabInternal: {fileID: 0}
  m_GameObject: {fileID: 2035816820}
  m_Enabled: 1
  m_EditorHideFlags: 0
  m_Script: {fileID: 11500000, guid: 2a92b5d748695fd44aac9feef17ba415, type: 3}
  m_Name: 
  m_EditorClassIdentifier: 
  debug: 0
  useMouse: 1
  useTouch: 1
  allowMultiTouch: 1
  useKeyboard: 1
  useController: 1
  stickyPress: 1
  eventReceiverMask:
    serializedVersion: 2
    m_Bits: 1
  clipRaycasts: 1
  tooltipDelay: 1
  stickyTooltip: 1
  mouseDragThreshold: 4
  mouseClickThreshold: 10
  touchDragThreshold: 40
  touchClickThreshold: 40
  rangeDistance: -1
  scrollAxisName: Mouse ScrollWheel
  verticalAxisName: Vertical
  horizontalAxisName: Horizontal
  submitKey0: 13
  submitKey1: 330
  cancelKey0: 27
  cancelKey1: 331
--- !u!1 &2069379696
GameObject:
  m_ObjectHideFlags: 0
  m_PrefabParentObject: {fileID: 0}
  m_PrefabInternal: {fileID: 0}
  serializedVersion: 4
  m_Component:
  - 4: {fileID: 2069379697}
  - 114: {fileID: 2069379698}
  - 114: {fileID: 2069379699}
  m_Layer: 0
  m_Name: background
  m_TagString: Untagged
  m_Icon: {fileID: 0}
  m_NavMeshLayer: 0
  m_StaticEditorFlags: 0
  m_IsActive: 1
--- !u!4 &2069379697
Transform:
  m_ObjectHideFlags: 0
  m_PrefabParentObject: {fileID: 0}
  m_PrefabInternal: {fileID: 0}
  m_GameObject: {fileID: 2069379696}
  m_LocalRotation: {x: 0, y: 0, z: 0, w: 1}
  m_LocalPosition: {x: 1.00317383, y: 1.00341785, z: 1433.99402}
  m_LocalScale: {x: 800, y: 1200, z: 1}
  m_Children: []
  m_Father: {fileID: 585455554}
  m_RootOrder: 0
--- !u!114 &2069379698
MonoBehaviour:
  m_ObjectHideFlags: 0
  m_PrefabParentObject: {fileID: 0}
  m_PrefabInternal: {fileID: 0}
  m_GameObject: {fileID: 2069379696}
  m_Enabled: 1
  m_EditorHideFlags: 0
  m_Script: {fileID: 11500000, guid: c8077b76001d36d489868d20d28bddb9, type: 3}
  m_Name: 
  m_EditorClassIdentifier: 
  uiCamera: {fileID: 2035816822}
  widgetContainer: {fileID: 0}
  panelContainer: {fileID: 0}
  side: 8
  halfPixelOffset: 1
  relativeOffset: {x: 0, y: 0}
--- !u!114 &2069379699
MonoBehaviour:
  m_ObjectHideFlags: 0
  m_PrefabParentObject: {fileID: 0}
  m_PrefabInternal: {fileID: 0}
  m_GameObject: {fileID: 2069379696}
  m_Enabled: 1
  m_EditorHideFlags: 0
  m_Script: {fileID: 11500000, guid: d5c5ca47aa5c01740810b7c66662099f, type: 3}
  m_Name: 
  m_EditorClassIdentifier: 
  mMat: {fileID: 0}
  mTex: {fileID: 0}
  mColor: {r: 1, g: 1, b: 1, a: 1}
  mPivot: 4
  mDepth: 0
  mRect:
    serializedVersion: 2
    x: 0
    y: 0
    width: 1
    height: 1
  mShader: {fileID: 10752, guid: 0000000000000000f000000000000000, type: 0}
  mTexture: {fileID: 2800000, guid: ac925aa790c704897972413dfbc09cbf, type: 3}
--- !u!1 &2092720630
GameObject:
  m_ObjectHideFlags: 0
  m_PrefabParentObject: {fileID: 0}
  m_PrefabInternal: {fileID: 0}
  serializedVersion: 4
  m_Component:
  - 4: {fileID: 2092720631}
  - 114: {fileID: 2092720632}
  m_Layer: 0
  m_Name: ScrollPanelBG
  m_TagString: Untagged
  m_Icon: {fileID: 0}
  m_NavMeshLayer: 0
  m_StaticEditorFlags: 0
  m_IsActive: 1
--- !u!4 &2092720631
Transform:
  m_ObjectHideFlags: 0
  m_PrefabParentObject: {fileID: 0}
  m_PrefabInternal: {fileID: 0}
  m_GameObject: {fileID: 2092720630}
  m_LocalRotation: {x: 0, y: 0, z: 0, w: 1}
  m_LocalPosition: {x: 0, y: 0, z: 10}
  m_LocalScale: {x: 700, y: 280, z: 1}
  m_Children: []
  m_Father: {fileID: 1063239240}
  m_RootOrder: 3
--- !u!114 &2092720632
MonoBehaviour:
  m_ObjectHideFlags: 0
  m_PrefabParentObject: {fileID: 0}
  m_PrefabInternal: {fileID: 0}
  m_GameObject: {fileID: 2092720630}
  m_Enabled: 1
  m_EditorHideFlags: 0
  m_Script: {fileID: 11500000, guid: 9d33c6354b54fb847b16b36e1391868d, type: 3}
  m_Name: 
  m_EditorClassIdentifier: 
  mMat: {fileID: 2100000, guid: f7499937830c6468889edc6caaae28c1, type: 2}
  mTex: {fileID: 2800000, guid: c5970a1aba80248bab0c0dc1950502c1, type: 3}
  mColor: {r: 1, g: 1, b: 1, a: 1}
  mPivot: 4
  mDepth: 10
  mAtlas: {fileID: 11400000, guid: ec9f4ec80c9234a13a6089a79d34f513, type: 2}
  mSpriteName: camera_slider_bg
  mFillCenter: 1
--- !u!1 &2106829250
GameObject:
  m_ObjectHideFlags: 0
  m_PrefabParentObject: {fileID: 0}
  m_PrefabInternal: {fileID: 0}
  serializedVersion: 4
  m_Component:
  - 4: {fileID: 2106829252}
  - 114: {fileID: 2106829251}
  m_Layer: 0
  m_Name: UIPanel
  m_TagString: Untagged
  m_Icon: {fileID: 0}
  m_NavMeshLayer: 0
  m_StaticEditorFlags: 0
  m_IsActive: 1
--- !u!114 &2106829251
MonoBehaviour:
  m_ObjectHideFlags: 0
  m_PrefabParentObject: {fileID: 0}
  m_PrefabInternal: {fileID: 0}
  m_GameObject: {fileID: 2106829250}
  m_Enabled: 1
  m_EditorHideFlags: 0
  m_Script: {fileID: 11500000, guid: ae942c9068183dc40a9d01f648273726, type: 3}
  m_Name: 
  m_EditorClassIdentifier: 
  showInPanelTool: 1
  generateNormals: 0
  depthPass: 0
  widgetsAreStatic: 0
  mAlpha: 1
  mDebugInfo: 1
  mClipping: 0
  mClipRange: {x: 0, y: 0, z: 0, w: 0}
  mClipSoftness: {x: 40, y: 40}
--- !u!4 &2106829252
Transform:
  m_ObjectHideFlags: 0
  m_PrefabParentObject: {fileID: 0}
  m_PrefabInternal: {fileID: 0}
  m_GameObject: {fileID: 2106829250}
  m_LocalRotation: {x: 0, y: 0, z: 0, w: 1}
  m_LocalPosition: {x: 0, y: 0, z: 0}
  m_LocalScale: {x: 1, y: 1, z: 1}
  m_Children:
  - {fileID: 536145964}
  m_Father: {fileID: 364472280}
  m_RootOrder: 3
