%YAML 1.1
%TAG !u! tag:unity3d.com,2011:
--- !u!1 &100000
GameObject:
  m_ObjectHideFlags: 0
  m_PrefabParentObject: {fileID: 0}
  m_PrefabInternal: {fileID: 100100000}
  serializedVersion: 4
  m_Component:
  - 4: {fileID: 400000}
  - 114: {fileID: 11400000}
  m_Layer: 0
  m_Name: UISysFontLabel
  m_TagString: Untagged
  m_Icon: {fileID: 0}
  m_NavMeshLayer: 0
  m_StaticEditorFlags: 0
  m_IsActive: 1
--- !u!1 &100002
GameObject:
  m_ObjectHideFlags: 0
  m_PrefabParentObject: {fileID: 0}
  m_PrefabInternal: {fileID: 100100000}
  serializedVersion: 4
  m_Component:
  - 4: {fileID: 400002}
  - 114: {fileID: 11400004}
  - 114: {fileID: 11400002}
  m_Layer: 0
  m_Name: arrow
  m_TagString: Untagged
  m_Icon: {fileID: 0}
  m_NavMeshLayer: 0
  m_StaticEditorFlags: 0
  m_IsActive: 1
--- !u!1 &100004
GameObject:
  m_ObjectHideFlags: 0
  m_PrefabParentObject: {fileID: 0}
  m_PrefabInternal: {fileID: 100100000}
  serializedVersion: 4
  m_Component:
  - 4: {fileID: 400004}
  - 114: {fileID: 11400006}
  m_Layer: 0
  m_Name: tray
  m_TagString: Untagged
  m_Icon: {fileID: 0}
  m_NavMeshLayer: 0
  m_StaticEditorFlags: 0
  m_IsActive: 1
--- !u!1 &100006
GameObject:
  m_ObjectHideFlags: 0
  m_PrefabParentObject: {fileID: 0}
  m_PrefabInternal: {fileID: 100100000}
  serializedVersion: 4
  m_Component:
  - 4: {fileID: 400006}
  - 114: {fileID: 11400008}
  m_Layer: 0
  m_Name: bg
  m_TagString: Untagged
  m_Icon: {fileID: 0}
  m_NavMeshLayer: 0
  m_StaticEditorFlags: 0
  m_IsActive: 1
--- !u!1 &100008
GameObject:
  m_ObjectHideFlags: 0
  m_PrefabParentObject: {fileID: 0}
  m_PrefabInternal: {fileID: 100100000}
  serializedVersion: 4
  m_Component:
  - 4: {fileID: 400008}
  m_Layer: 0
  m_Name: dlcIcon
  m_TagString: Untagged
  m_Icon: {fileID: 0}
  m_NavMeshLayer: 0
  m_StaticEditorFlags: 0
  m_IsActive: 1
--- !u!4 &400000
Transform:
  m_ObjectHideFlags: 1
  m_PrefabParentObject: {fileID: 0}
  m_PrefabInternal: {fileID: 100100000}
  m_GameObject: {fileID: 100000}
  m_LocalRotation: {x: 0, y: 0, z: 0, w: 1}
  m_LocalPosition: {x: 18, y: -.5, z: -1}
  m_LocalScale: {x: 78, y: 19, z: 1}
  m_Children: []
  m_Father: {fileID: 400008}
--- !u!4 &400002
Transform:
  m_ObjectHideFlags: 1
  m_PrefabParentObject: {fileID: 0}
  m_PrefabInternal: {fileID: 100100000}
  m_GameObject: {fileID: 100002}
  m_LocalRotation: {x: 0, y: 0, z: 0, w: 1}
  m_LocalPosition: {x: -52, y: 2, z: 0}
  m_LocalScale: {x: 23, y: 22, z: 1}
  m_Children: []
  m_Father: {fileID: 400008}
--- !u!4 &400004
Transform:
  m_ObjectHideFlags: 1
  m_PrefabParentObject: {fileID: 0}
  m_PrefabInternal: {fileID: 100100000}
  m_GameObject: {fileID: 100004}
  m_LocalRotation: {x: 0, y: 0, z: 0, w: 1}
  m_LocalPosition: {x: -52, y: .5, z: 0}
  m_LocalScale: {x: 33, y: 14, z: 1}
  m_Children: []
  m_Father: {fileID: 400008}
--- !u!4 &400006
Transform:
  m_ObjectHideFlags: 1
  m_PrefabParentObject: {fileID: 0}
  m_PrefabInternal: {fileID: 100100000}
  m_GameObject: {fileID: 100006}
  m_LocalRotation: {x: 0, y: 0, z: 0, w: 1}
  m_LocalPosition: {x: 0, y: 0, z: 0}
  m_LocalScale: {x: 167, y: 49, z: 1}
  m_Children: []
  m_Father: {fileID: 400008}
--- !u!4 &400008
Transform:
  m_ObjectHideFlags: 1
  m_PrefabParentObject: {fileID: 0}
  m_PrefabInternal: {fileID: 100100000}
  m_GameObject: {fileID: 100008}
  m_LocalRotation: {x: 0, y: 0, z: 0, w: 1}
  m_LocalPosition: {x: 0, y: 0, z: -8}
  m_LocalScale: {x: .920000017, y: .920000017, z: 1}
  m_Children:
  - {fileID: 400006}
  - {fileID: 400004}
  - {fileID: 400002}
  - {fileID: 400000}
  m_Father: {fileID: 0}
--- !u!114 &11400000
MonoBehaviour:
  m_ObjectHideFlags: 1
  m_PrefabParentObject: {fileID: 0}
  m_PrefabInternal: {fileID: 100100000}
  m_GameObject: {fileID: 100000}
  m_Enabled: 1
  m_EditorHideFlags: 0
  m_Script: {fileID: 11500000, guid: 8b5d6734ea32e4f0a8935ea9b353d0df, type: 3}
  m_Name: 
  m_EditorClassIdentifier: 
  mMat: {fileID: 0}
  mTex: {fileID: 0}
  mColor: {r: 1, g: 1, b: 1, a: 1}
  mPivot: 4
  mDepth: 0
  _texture:
    _text: Download
    _appleFontName: 
    _androidFontName: 
    _fontSize: 15
    _isBold: 1
    _isItalic: 0
    _alignment: 1
    _isMultiLine: 1
    _maxWidthPixels: 2048
    _maxHeightPixels: 2048
    _effect: 2
    _effectDistance: {x: .5, y: .5}
    _effectQuality: 5
    _effectColor: {r: 0, g: 0, b: 0, a: 1}
--- !u!114 &11400002
MonoBehaviour:
  m_ObjectHideFlags: 1
  m_PrefabParentObject: {fileID: 0}
  m_PrefabInternal: {fileID: 100100000}
  m_GameObject: {fileID: 100002}
  m_Enabled: 1
  m_EditorHideFlags: 0
  m_Script: {fileID: 11500000, guid: 7bb394688267e4f55814166d836ae538, type: 3}
  m_Name: 
  m_EditorClassIdentifier: 
  id: 1
  proportion: 0
  speed: 1
  xDisplacement: 0
  yDisplacement: -5
  zDisplacement: 0
  mode: 1
  curveType: 1
--- !u!114 &11400004
MonoBehaviour:
  m_ObjectHideFlags: 1
  m_PrefabParentObject: {fileID: 0}
  m_PrefabInternal: {fileID: 100100000}
  m_GameObject: {fileID: 100002}
  m_Enabled: 1
  m_EditorHideFlags: 0
  m_Script: {fileID: 11500000, guid: 1b3dc54f924693f41b5cbecb267e647a, type: 3}
  m_Name: 
  m_EditorClassIdentifier: 
  mMat: {fileID: 2100000, guid: 218f17e39f01a40aa95f7f56788510b9, type: 2}
  mTex: {fileID: 2800000, guid: e5edb34a9a72642c693276d72a31d64b, type: 3}
  mColor: {r: 1, g: 1, b: 1, a: 1}
  mPivot: 4
  mDepth: 37
  mAtlas: {fileID: 11400000, guid: d19c46c0f9df64151b997d22c20a225e, type: 2}
  mSpriteName: downloadUI_arrow
--- !u!114 &11400006
MonoBehaviour:
  m_ObjectHideFlags: 1
  m_PrefabParentObject: {fileID: 0}
  m_PrefabInternal: {fileID: 100100000}
  m_GameObject: {fileID: 100004}
  m_Enabled: 1
  m_EditorHideFlags: 0
  m_Script: {fileID: 11500000, guid: 1b3dc54f924693f41b5cbecb267e647a, type: 3}
  m_Name: 
  m_EditorClassIdentifier: 
  mMat: {fileID: 2100000, guid: 218f17e39f01a40aa95f7f56788510b9, type: 2}
  mTex: {fileID: 2800000, guid: e5edb34a9a72642c693276d72a31d64b, type: 3}
  mColor: {r: 1, g: 1, b: 1, a: 1}
  mPivot: 4
  mDepth: 37
  mAtlas: {fileID: 11400000, guid: d19c46c0f9df64151b997d22c20a225e, type: 2}
  mSpriteName: downloadUI_tray
--- !u!114 &11400008
MonoBehaviour:
  m_ObjectHideFlags: 1
  m_PrefabParentObject: {fileID: 0}
  m_PrefabInternal: {fileID: 100100000}
  m_GameObject: {fileID: 100006}
  m_Enabled: 1
  m_EditorHideFlags: 0
  m_Script: {fileID: 11500000, guid: 1b3dc54f924693f41b5cbecb267e647a, type: 3}
  m_Name: 
  m_EditorClassIdentifier: 
  mMat: {fileID: 2100000, guid: 218f17e39f01a40aa95f7f56788510b9, type: 2}
  mTex: {fileID: 2800000, guid: e5edb34a9a72642c693276d72a31d64b, type: 3}
  mColor: {r: 1, g: 1, b: 1, a: 1}
  mPivot: 4
  mDepth: 37
  mAtlas: {fileID: 11400000, guid: d19c46c0f9df64151b997d22c20a225e, type: 2}
  mSpriteName: downloadUI_BG
--- !u!1001 &100100000
Prefab:
  m_ObjectHideFlags: 1
  serializedVersion: 2
  m_Modification:
    m_TransformParent: {fileID: 0}
    m_Modifications: []
    m_RemovedComponents: []
  m_ParentPrefab: {fileID: 0}
  m_RootGameObject: {fileID: 100008}
  m_IsPrefabParent: 1
  m_IsExploded: 1
